3492 5404
620 549 663 566 ..
682 513 721 580 57
741 548 781 564 -

141 661 221 726 ante
251 671 374 725 omnes
402 648 557 725 honores
585 661 727 724 notatur
758 646 903 729 διαὸέης
933 647 1075 738 titulos3
1110 645 1260 741 quodsi

18 755 19 800 ³
142 777 285 852 aliunde
304 776 516 850 documenta
535 776 805 872 depromamus,
835 773 959 846 videre
977 772 1044 844 erit
1061 771 1157 844 hunc
1176 773 1261 844 titu-

142 902 213 974 lum
232 903 324 974 intra
343 922 470 974 nomen
492 903 625 997 βοάγος,
653 899 749 994 qnod
775 918 963 993 puerorum
984 896 1177 991 principem
1199 896 1261 968 de·

145 1027 282 1120 signat,
305 1027 419 1100 locum
440 1025 601 1098 obtinere
621 1022 689 1121 (1).
712 1025 803 1116 Ergo
821 1023 897 1096 haec
912 1020 1039 1093 lucrari
1056 1041 1259 1116 possumus:

144 1146 290 1228 atatam
307 1173 385 1224 esse
402 1150 620 1246 epheborum
640 1149 844 1244 primarium
853 1201 866 1237 ,
888 1159 924 1219 et
942 1147 1036 1218 idem
1051 1145 1119 1219 hoc
1134 1167 1263 1219 nomen

145 1277 180 1348 in
200 1277 353 1371 ephebia
372 1276 547 1366 valuisse,
568 1297 609 1347 ac
629 1275 768 1346 titulum
790 1275 900 1370 βοάγος
918 1273 954 1342 in
972 1272 1122 1364 collegio
1139 1293 1264 1366 puero-

145 1424 238 1473 rum.
269 1403 383 1499 Βοάγος
409 1422 535 1494 nempe
562 1401 619 1471 vel
648 1403 777 1496 βουαγός
799 1398 929 1469 dicitur
954 1419 1041 1491 puer
1064 1397 1125 1489 qui
1151 1399 1263 1484 βουᾶς,

146 1526 338 1620 aequalium
370 1526 504 1598 scilicet
530 1525 672 1618 agmina
707 1524 848 1596 militari
875 1523 999 1595 ordine
1029 1520 1199 1617 disposita
1228 1522 1265 1591 in

146 1653 461 1724 exercitationibus
473 1651 649 1745 gymnasii
668 1650 832 1722 ducebat.
849 1646 1154 1732 Quemadmodum
1171 1647 1266 1718 enim

149 1777 249 1872 pueri
275 1777 366 1850 inter
393 1778 483 1864 βουάς
501 1785 537 1848 et
560 1779 632 1857 ἴλας
657 1775 836 1846 distributi
855 1783 959 1864 sunt,
990 1773 1111 1846 itidem
1138 1772 1267 1867 ephebi

149 1901 307 1974 tributim
321 1902 558 1991 instruuntur3
571 1901 700 1996 cuique
713 1900 818 1994 globo
834 1908 960 1994 praeest
972 1893 1117 1979 διαὸέτης
1127 1896 1196 1994 (b).
1209 1898 1270 1970 Rc-

149 2027 377 2098 censentibus
389 2026 491 2098 nobis
503 2047 585 2119 quae
602 2027 648 2098 de
664 2024 833 2098 archonte
851 2025 1069 2119 epheborum
1087 2024 1123 2094 in
1138 2023 1266 2112 Attica,

150 2162 186 2224 et
205 2153 250 2224 de
268 2148 430 2249 ἀρχέφηόῳ
449 2152 485 2221 in
504 2150 672 2244 Argotide
691 2161 727 2222 et
746 2150 919 2222 Messenia
937 2149 1144 2243 pervulgata
1163 2158 1266 2238 sunt,

150 2288 297 2372 apparet
311 2299 420 2348 unum
433 2277 599 2370 idemque
615 2297 742 2348 munus
754 2275 898 2348 variatis
911 2274 1054 2368 quidem
1066 2273 1269 2346 nominibus

134 2401 351 2495 ¹designari3
377 2423 443 2473 nec
463 2401 590 2472 mirum
610 2401 677 2473 erit
696 2401 867 2495 ephebica
886 2399 1064 2491 instituta,
1096 2401 1177 2472 iicet
1203 2421 1268 2495 pro

16 2625 17 2628 Ἴ
152 2527 308 2620 genuino
336 2529 508 2621 cujusque
537 2526 691 2598 civitatis
720 2526 862 2620 ingenio
888 2527 988 2620 quasi
1018 2528 1158 2622 propria
1187 2537 1269 2600 nota

154 2653 435 2747 distinguuntur,
472 2662 588 2725 tamen
618 2673 665 2724 ex
693 2653 816 2725 eadem
848 2653 983 2725 ratione
1009 2662 1109 2750 crta,
1143 2653 1268 2724 iisdem

156 2779 425 2852 necessitatibus
444 2777 673 2873 respondere.

201 2903 298 2988 Quos
316 2913 420 2976 antea
437 2903 618 2996 attigimus
637 2902 777 2989 titulos,
808 2903 867 2974 vel
885 2902 931 2974 ad
952 2923 1120 2992 munera,
1143 2903 1200 2976 vei
1224 2903 1272 2975 ad

154 3029 307 3104 honores
325 3038 497 3124 spectant.
527 3029 626 3100 Nunc
645 3028 892 3100 disserendum
911 3039 965 3100 est
984 3029 1029 3101 de
1049 3029 1159 3101 titulis
1178 3051 1269 3124 quos

155 3155 283 3251 ephebi
294 3155 486 3249 aliquando
495 3154 628 3228 nomini
639 3175 704 3226 suo
714 3154 995 3249 adscripserunt,
1012 3177 1082 3226 non
1096 3155 1268 3229 honorem

156 3281 345 3376 quemdam
358 3279 573 3374 praedicandi
586 3301 693 3352 causa
701 3332 711 3368 ,
726 3279 790 3351 sed
802 3291 840 3350 ut
849 3280 1072 3353 sodalitatem
1082 3279 1271 3353 confirma·

156 3416 247 3479 rent.
267 3403 420 3477 Titnium
441 3402 621 3502 ωνέφηὸος,
641 3426 746 3498 quem
768 3406 1051 3498 frequentissime
1074 3416 1271 3480 memorant

157 3531 253 3603 attici
273 3530 427 3625 lapides,
459 3531 495 3601 in
514 3531 664 3626 ephebia
682 3541 804 3603 extera
830 3554 1004 3625 nusquam
1027 3533 1112 3605 alibi
1135 3533 1271 3629 reperi-

158 3677 259 3747 mus,
280 3656 348 3728 nisi
368 3657 462 3752 apud
481 3656 670 3752 Spartanos
686 3654 755 3753 (3).
773 3657 932 3753 Persaepc
949 3659 1019 3745 vir,
1037 3660 1157 3730 munia
1176 3681 1274 3754 quae·

159 3781 240 3854 dam
269 3792 471 3873 assecutus,
504 3781 611 3854 refert
639 3803 679 3854 se
710 3782 818 3854 fuisse
850 3783 1094 3880 synephebum
1128 3785 1274 3859 alteriue

204 4076 213 4134 Ι
242 4082 279 4137 Le
291 4073 357 4147 Bas,
372 4086 402 4135 nt
416 4076 470 4136 ttt.

191 4081 227 4238 {t}
243 4172 344 4225 Notatu
361 4177 451 4253 tempu
469 4173 581 4239 dignum
600 4178 641 4226 cst
659 4170 710 4227 hcc
730 4186 828 4227 munus
849 4172 1015 4228 solummodo
1035 4191 1084 4244 pro
1097 4171 1277 4230 Limnaeorum

161 4261 232 4313 tribu
244 4261 398 4328 designaria

193 4350 226 4416 (3)
247 4351 281 4403 he
292 4350 344 4403 Bas
357 4357 385 4404 et
395 4351 524 4417 daucum,
539 4363 569 4406 n⁰
583 4353 634 4407 tet.
650 4357 747 4420 Corpus
761 4355 840 4406 irater.
853 4369 938 4420 proc..
951 4365 991 4406 n⁰⁸
1010 4354 1068 4407 1361
1080 4358 1111 4415 b,
1127 4353 1195 4418 1239,
1210 4354 1279 4419 1241,

163 4437 233 4502 tata,
249 4439 317 4508 1256,
334 4441 402 4505 1255,
417 4440 487 4504 1217,
502 4448 553 4496 etc.
