<?xml version="1.0" encoding="UTF-8"?>
<!DOCTYPE html PUBLIC "-//W3C//DTD XHTML 1.0 Transitional//EN"
    "http://www.w3.org/TR/xhtml1/DTD/xhtml1-transitional.dtd">
<html xmlns="http://www.w3.org/1999/xhtml" xml:lang="en" lang="en">
 <head>
  <title>
</title>
<meta http-equiv="Content-Type" content="text/html;charset=utf-8" />
  <meta name='ocr-system' content='tesseract 3.04.00' />
  <meta name='ocr-capabilities' content='ocr_page ocr_carea ocr_par ocr_line ocrx_word'/>
</head>
<body>
  <div class='ocr_page' id='page_1' title='image "./quiddecollegiis00collgoog_0067.png"; bbox 0 0 3492 5404; ppageno 0'>
   <div class='ocr_carea' id='block_1_1' title="bbox 946 505 1107 570">
    <p class='ocr_par' dir='ltr' id='par_1_1' title="bbox 946 505 1107 570">
     <span class='ocr_line' id='line_1_1' title="bbox 946 505 1107 570; baseline 0 -17"><span class='ocrx_word' id='word_1_1' title='bbox 946 505 1107 570; x_wconf 70' lang='lat'>..50-</span> 
     </span>
    </p>
   </div>
   <div class='ocr_carea' id='block_1_2' title="bbox 465 641 1585 2732">
    <p class='ocr_par' dir='ltr' id='par_1_2' title="bbox 465 641 1585 2231">
     <span class='ocr_line' id='line_1_2' title="bbox 466 641 1581 740; baseline 0.004 -26"><span class='ocrx_word' id='word_1_2' title='bbox 466 641 594 737; x_wconf 92' lang='lat' dir='ltr'>ephebi</span> <span class='ocrx_word' id='word_1_3' title='bbox 613 643 687 716; x_wconf 91' lang='lat' dir='ltr'>bini</span> <span class='ocrx_word' id='word_1_4' title='bbox 704 643 939 733; x_wconf 89' lang='lat' dir='ltr'>instruuntur,</span> <span class='ocrx_word' id='word_1_5' title='bbox 957 645 1087 716; x_wconf 90' lang='lat' dir='ltr'>deinde</span> <span class='ocrx_word' id='word_1_6' title='bbox 1102 645 1147 716; x_wconf 93' lang='lat' dir='ltr'>ad</span> <span class='ocrx_word' id='word_1_7' title='bbox 1165 644 1283 739; x_wconf 87' lang='lat' dir='ltr'>piures</span> <span class='ocrx_word' id='word_1_8' title='bbox 1299 645 1405 716; x_wconf 91' lang='lat' dir='ltr'>etiam</span> <span class='ocrx_word' id='word_1_9' title='bbox 1425 645 1581 740; x_wconf 80' lang='lat' dir='ltr'>ephebos</span> 
     </span>
     <span class='ocr_line' id='line_1_3' title="bbox 465 767 1582 867; baseline 0 -27"><span class='ocrx_word' id='word_1_10' title='bbox 465 779 697 860; x_wconf 79' lang='lat' dir='ltr'>congregatos</span> <span class='ocrx_word' id='word_1_11' title='bbox 715 771 752 840; x_wconf 91' lang='lat' dir='ltr'>id</span> <span class='ocrx_word' id='word_1_12' title='bbox 777 771 952 865; x_wconf 89' lang='lat' dir='ltr'>pertinere</span> <span class='ocrx_word' id='word_1_13' title='bbox 979 779 1235 843; x_wconf 74' lang='lat' dir='ltr'><strong>commentatur</strong></span> <span class='ocrx_word' id='word_1_14' title='bbox 1264 767 1333 867; x_wconf 80' lang='lat' dir='ltr'>(i).</span> <span class='ocrx_word' id='word_1_15' title='bbox 1362 769 1432 841; x_wconf 89' lang='lat' dir='ltr'>Sed</span> <span class='ocrx_word' id='word_1_16' title='bbox 1458 771 1489 842; x_wconf 92' lang='lat' dir='ltr'>si</span> <span class='ocrx_word' id='word_1_17' title='bbox 1516 771 1582 867; x_wconf 85' lang='lat' dir='ltr'>By·</span> 
     </span>
     <span class='ocr_line' id='line_1_4' title="bbox 465 892 1582 990; baseline 0.004 -26"><span class='ocrx_word' id='word_1_18' title='bbox 465 895 571 965; x_wconf 81' lang='lat' dir='ltr'>zantii</span> <span class='ocrx_word' id='word_1_19' title='bbox 590 906 747 990; x_wconf 87' lang='lat' dir='ltr'>repertos</span> <span class='ocrx_word' id='word_1_20' title='bbox 767 895 886 969; x_wconf 87' lang='lat' dir='ltr'>titulos</span> <span class='ocrx_word' id='word_1_21' title='bbox 910 896 1132 968; x_wconf 90' lang='lat' dir='ltr'>attendamus</span> <span class='ocrx_word' id='word_1_22' title='bbox 1159 892 1229 990; x_wconf 75' lang='lat'>(2),</span> <span class='ocrx_word' id='word_1_23' title='bbox 1264 894 1387 968; x_wconf 87' lang='lat' dir='ltr'>videre</span> <span class='ocrx_word' id='word_1_24' title='bbox 1411 906 1466 968; x_wconf 89' lang='lat' dir='ltr'>ast</span> <span class='ocrx_word' id='word_1_25' title='bbox 1493 896 1582 969; x_wconf 90' lang='lat' dir='ltr'>duos</span> 
     </span>
     <span class='ocr_line' id='line_1_5' title="bbox 467 1019 1583 1114; baseline 0.002 -22"><span class='ocrx_word' id='word_1_26' title='bbox 467 1020 625 1114; x_wconf 83' lang='lat' dir='ltr'>ephebos</span> <span class='ocrx_word' id='word_1_27' title='bbox 642 1021 738 1093; x_wconf 91' lang='lat' dir='ltr'>haud</span> <span class='ocrx_word' id='word_1_28' title='bbox 754 1042 833 1094; x_wconf 91' lang='lat' dir='ltr'>raro</span> <span class='ocrx_word' id='word_1_29' title='bbox 843 1021 986 1094; x_wconf 90' lang='lat' dir='ltr'>nomina</span> <span class='ocrx_word' id='word_1_30' title='bbox 1001 1043 1064 1092; x_wconf 91' lang='lat' dir='ltr'>sua</span> <span class='ocrx_word' id='word_1_31' title='bbox 1077 1020 1241 1093; x_wconf 91' lang='lat' dir='ltr'>marmori</span> <span class='ocrx_word' id='word_1_32' title='bbox 1255 1019 1504 1114; x_wconf 88' lang='lat' dir='ltr'>insculpsisse,</span> <span class='ocrx_word' id='word_1_33' title='bbox 1524 1021 1583 1095; x_wconf 87' lang='lat' dir='ltr'>itlo</span> 
     </span>
     <span class='ocr_line' id='line_1_6' title="bbox 467 1144 1585 1242; baseline -0.002 -26"><span class='ocrx_word' id='word_1_34' title='bbox 467 1165 570 1238; x_wconf 86' lang='lat' dir='ltr'>paene</span> <span class='ocrx_word' id='word_1_35' title='bbox 582 1147 688 1218; x_wconf 90' lang='lat' dir='ltr'>modo</span> <span class='ocrx_word' id='word_1_36' title='bbox 702 1146 762 1239; x_wconf 87' lang='lat' dir='ltr'>qui</span> <span class='ocrx_word' id='word_1_37' title='bbox 777 1145 1061 1242; x_wconf 77' lang='lat' dir='ltr'>yrusfitcdicitur,</span> <span class='ocrx_word' id='word_1_38' title='bbox 1078 1155 1113 1216; x_wconf 87' lang='lat' dir='ltr'>et</span> <span class='ocrx_word' id='word_1_39' title='bbox 1129 1165 1168 1216; x_wconf 88' lang='lat' dir='ltr'>se</span> <span class='ocrx_word' id='word_1_40' title='bbox 1182 1144 1283 1237; x_wconf 90' lang='lat' dir='ltr'>quasi</span> <span class='ocrx_word' id='word_1_41' title='bbox 1301 1145 1464 1232; x_wconf 80' lang='grc' dir='ltr'>συστάτας,</span> <span class='ocrx_word' id='word_1_42' title='bbox 1480 1145 1585 1238; x_wconf 79' lang='lat' dir='ltr'>signi·</span> 
     </span>
     <span class='ocr_line' id='line_1_7' title="bbox 468 1267 1583 1359; baseline 0.001 -18"><span class='ocrx_word' id='word_1_43' title='bbox 468 1267 604 1346; x_wconf 89' lang='lat' dir='ltr'>ficasse.</span> <span class='ocrx_word' id='word_1_44' title='bbox 635 1271 759 1343; x_wconf 85' lang='lat' dir='ltr'>Nonne</span> <span class='ocrx_word' id='word_1_45' title='bbox 784 1270 976 1345; x_wconf 88' lang='lat' dir='ltr'>verisimile</span> <span class='ocrx_word' id='word_1_46' title='bbox 1002 1270 1186 1342; x_wconf 87' lang='lat' dir='ltr'>erithone</span> <span class='ocrx_word' id='word_1_47' title='bbox 1216 1290 1371 1359; x_wconf 92' lang='lat' dir='ltr'>morem,</span> <span class='ocrx_word' id='word_1_48' title='bbox 1398 1279 1437 1341; x_wconf 91' lang='lat' dir='ltr'>ut</span> <span class='ocrx_word' id='word_1_49' title='bbox 1454 1269 1583 1342; x_wconf 84' lang='lat' dir='ltr'>Boeckh</span> 
     </span>
     <span class='ocr_line' id='line_1_8' title="bbox 468 1392 1585 1488; baseline 0.002 -25"><span class='ocrx_word' id='word_1_50' title='bbox 468 1393 623 1485; x_wconf 88' lang='lat' dir='ltr'>putavit,</span> <span class='ocrx_word' id='word_1_51' title='bbox 645 1416 866 1488; x_wconf 88' lang='lat' dir='ltr'>nequaquam</span> <span class='ocrx_word' id='word_1_52' title='bbox 883 1394 928 1465; x_wconf 88' lang='lat' dir='ltr'>ad</span> <span class='ocrx_word' id='word_1_53' title='bbox 947 1394 1108 1466; x_wconf 86' lang='lat' dir='ltr'>ordinem</span> <span class='ocrx_word' id='word_1_54' title='bbox 1126 1392 1316 1486; x_wconf 88' lang='lat' dir='ltr'>quemdam</span> <span class='ocrx_word' id='word_1_55' title='bbox 1338 1392 1373 1464; x_wconf 95' lang='lat' dir='ltr'>in</span> <span class='ocrx_word' id='word_1_56' title='bbox 1394 1392 1585 1466; x_wconf 89' lang='lat' dir='ltr'>luctatione</span> 
     </span>
     <span class='ocr_line' id='line_1_9' title="bbox 468 1515 1584 1612; baseline -0.003 -23"><span class='ocrx_word' id='word_1_57' title='bbox 468 1525 529 1589; x_wconf 91' lang='lat' dir='ltr'>aut</span> <span class='ocrx_word' id='word_1_58' title='bbox 545 1517 622 1589; x_wconf 88' lang='lat' dir='ltr'>acie</span> <span class='ocrx_word' id='word_1_59' title='bbox 640 1518 847 1590; x_wconf 88' lang='lat' dir='ltr'>instructum</span> <span class='ocrx_word' id='word_1_60' title='bbox 864 1519 1061 1612; x_wconf 88' lang='lat' dir='ltr'>pertinere,</span> <span class='ocrx_word' id='word_1_61' title='bbox 1076 1528 1111 1589; x_wconf 91' lang='lat' dir='ltr'>et</span> <span class='ocrx_word' id='word_1_62' title='bbox 1131 1517 1190 1588; x_wconf 85' lang='lat' dir='ltr'>tali</span> <span class='ocrx_word' id='word_1_63' title='bbox 1210 1515 1386 1589; x_wconf 89' lang='lat' dir='ltr'>vocabulo</span> <span class='ocrx_word' id='word_1_64' title='bbox 1403 1538 1474 1589; x_wconf 94' lang='lat' dir='ltr'>non</span> <span class='ocrx_word' id='word_1_65' title='bbox 1487 1517 1584 1610; x_wconf 85' lang='lat' dir='ltr'>paria</span> 
     </span>
     <span class='ocr_line' id='line_1_10' title="bbox 469 1641 1584 1737; baseline -0.002 -23"><span class='ocrx_word' id='word_1_66' title='bbox 469 1642 687 1737; x_wconf 86' lang='lat' dir='ltr'>epheborum</span> <span class='ocrx_word' id='word_1_67' title='bbox 708 1644 799 1716; x_wconf 86' lang='lat' dir='ltr'>inter</span> <span class='ocrx_word' id='word_1_68' title='bbox 818 1665 857 1716; x_wconf 90' lang='lat' dir='ltr'>se</span> <span class='ocrx_word' id='word_1_69' title='bbox 875 1642 1148 1732; x_wconf 88' lang='lat' dir='ltr'>luctaturorum,</span> <span class='ocrx_word' id='word_1_70' title='bbox 1177 1642 1238 1713; x_wconf 93' lang='lat' dir='ltr'>sed</span> <span class='ocrx_word' id='word_1_71' title='bbox 1258 1642 1452 1714; x_wconf 86' lang='lat' dir='ltr'>amicorum</span> <span class='ocrx_word' id='word_1_72' title='bbox 1473 1641 1584 1715; x_wconf 89' lang='lat' dir='ltr'>socie·</span> 
     </span>
     <span class='ocr_line' id='line_1_11' title="bbox 469 1766 1584 1861; baseline 0.001 -26"><span class='ocrx_word' id='word_1_73' title='bbox 469 1774 575 1837; x_wconf 89' lang='lat' dir='ltr'>tatem</span> <span class='ocrx_word' id='word_1_74' title='bbox 590 1767 790 1859; x_wconf 72' lang='lat' dir='ltr'>designari?</span> <span class='ocrx_word' id='word_1_75' title='bbox 803 1767 936 1861; x_wconf 83' lang='lat' dir='ltr'>Ephebi</span> <span class='ocrx_word' id='word_1_76' title='bbox 952 1768 1045 1838; x_wconf 93' lang='lat' dir='ltr'>enim</span> <span class='ocrx_word' id='word_1_77' title='bbox 1058 1767 1118 1860; x_wconf 91' lang='lat' dir='ltr'>qui</span> <span class='ocrx_word' id='word_1_78' title='bbox 1129 1766 1294 1838; x_wconf 91' lang='lat' dir='ltr'>dicuntur</span> <span class='ocrx_word' id='word_1_79' title='bbox 1309 1767 1473 1852; x_wconf 80' lang='grc' dir='ltr'><strong>συστάται,</strong></span> <span class='ocrx_word' id='word_1_80' title='bbox 1483 1767 1584 1859; x_wconf 88' lang='lat' dir='ltr'>quasi</span> 
     </span>
     <span class='ocr_line' id='line_1_12' title="bbox 469 1890 1585 1987; baseline -0.002 -25"><span class='ocrx_word' id='word_1_81' title='bbox 469 1891 632 1963; x_wconf 69' lang='lat' dir='ltr'>amicitiae</span> <span class='ocrx_word' id='word_1_82' title='bbox 651 1892 786 1964; x_wconf 85' lang='lat' dir='ltr'>foedere</span> <span class='ocrx_word' id='word_1_83' title='bbox 803 1903 925 1987; x_wconf 86' lang='lat' dir='ltr'>pacto,</span> <span class='ocrx_word' id='word_1_84' title='bbox 952 1913 1021 1963; x_wconf 91' lang='lat' dir='ltr'>una</span> <span class='ocrx_word' id='word_1_85' title='bbox 1042 1893 1078 1962; x_wconf 95' lang='lat' dir='ltr'>in</span> <span class='ocrx_word' id='word_1_86' title='bbox 1097 1891 1234 1983; x_wconf 82' lang='lat' dir='ltr'>collegii</span> <span class='ocrx_word' id='word_1_87' title='bbox 1263 1890 1362 1962; x_wconf 85' lang='lat' dir='ltr'>sestis</span> <span class='ocrx_word' id='word_1_88' title='bbox 1387 1900 1423 1961; x_wconf 85' lang='lat' dir='ltr'>et</span> <span class='ocrx_word' id='word_1_89' title='bbox 1449 1891 1585 1962; x_wconf 84' lang='lat' dir='ltr'>exarci-</span> 
     </span>
     <span class='ocr_line' id='line_1_13' title="bbox 470 2015 1584 2109; baseline -0.001 -22"><span class='ocrx_word' id='word_1_90' title='bbox 470 2016 660 2088; x_wconf 91' lang='lat' dir='ltr'>tationibus</span> <span class='ocrx_word' id='word_1_91' title='bbox 675 2027 880 2108; x_wconf 80' lang='lat' dir='ltr'>versantur3</span> <span class='ocrx_word' id='word_1_92' title='bbox 899 2018 987 2089; x_wconf 88' lang='lat' dir='ltr'>aiter</span> <span class='ocrx_word' id='word_1_93' title='bbox 1000 2017 1145 2089; x_wconf 88' lang='lat' dir='ltr'>alterius</span> <span class='ocrx_word' id='word_1_94' title='bbox 1159 2016 1259 2088; x_wconf 88' lang='lat' dir='ltr'>lateri</span> <span class='ocrx_word' id='word_1_95' title='bbox 1279 2015 1451 2105; x_wconf 75' lang='lat' dir='ltr'>adhaeret,</span> <span class='ocrx_word' id='word_1_96' title='bbox 1472 2035 1584 2109; x_wconf 87' lang='lat' dir='ltr'>usque</span> 
     </span>
     <span class='ocr_line' id='line_1_14' title="bbox 472 2141 1307 2231; baseline -0.002 -19"><span class='ocrx_word' id='word_1_97' title='bbox 472 2163 590 2213; x_wconf 88' lang='lat' dir='ltr'>comes</span> <span class='ocrx_word' id='word_1_98' title='bbox 609 2142 722 2213; x_wconf 91' lang='lat' dir='ltr'>amico</span> <span class='ocrx_word' id='word_1_99' title='bbox 741 2143 876 2231; x_wconf 88' lang='lat' dir='ltr'>adstat,</span> <span class='ocrx_word' id='word_1_100' title='bbox 898 2153 933 2215; x_wconf 92' lang='lat' dir='ltr'>et</span> <span class='ocrx_word' id='word_1_101' title='bbox 953 2143 988 2213; x_wconf 93' lang='lat' dir='ltr'>in</span> <span class='ocrx_word' id='word_1_102' title='bbox 1008 2143 1084 2214; x_wconf 90' lang='lat' dir='ltr'>acie</span> <span class='ocrx_word' id='word_1_103' title='bbox 1101 2141 1307 2214; x_wconf 81' lang='lat' dir='ltr'>auxiliatur.</span> 
     </span>
    </p>

    <p class='ocr_par' dir='ltr' id='par_1_3' title="bbox 468 2264 1584 2732">
     <span class='ocr_line' id='line_1_15' title="bbox 519 2264 1584 2362; baseline -0.001 -26"><span class='ocrx_word' id='word_1_104' title='bbox 519 2264 574 2336; x_wconf 82' lang='lat' dir='ltr'>An</span> <span class='ocrx_word' id='word_1_105' title='bbox 587 2267 758 2362; x_wconf 91' lang='lat' dir='ltr'>ephebico</span> <span class='ocrx_word' id='word_1_106' title='bbox 770 2268 909 2339; x_wconf 89' lang='lat' dir='ltr'>cuidam</span> <span class='ocrx_word' id='word_1_107' title='bbox 924 2268 1011 2339; x_wconf 90' lang='lat' dir='ltr'>mori</span> <span class='ocrx_word' id='word_1_108' title='bbox 1027 2265 1264 2361; x_wconf 76' lang='lat' dir='ltr'>respondeant</span> <span class='ocrx_word' id='word_1_109' title='bbox 1278 2265 1412 2359; x_wconf 78' lang='lat' dir='ltr'>idpides</span> <span class='ocrx_word' id='word_1_110' title='bbox 1427 2265 1584 2362; x_wconf 74' lang='lat' dir='ltr'>Byzantii</span> 
     </span>
     <span class='ocr_line' id='line_1_16' title="bbox 469 2388 1580 2487; baseline 0.001 -28"><span class='ocrx_word' id='word_1_111' title='bbox 469 2389 606 2462; x_wconf 90' lang='lat' dir='ltr'>inventi</span> <span class='ocrx_word' id='word_1_112' title='bbox 633 2388 687 2487; x_wconf 85' lang='lat'>(3)</span> <span class='ocrx_word' id='word_1_113' title='bbox 715 2391 844 2485; x_wconf 88' lang='lat' dir='ltr'>quibus</span> <span class='ocrx_word' id='word_1_114' title='bbox 869 2393 1042 2486; x_wconf 89' lang='lat' dir='ltr'>insculpta</span> <span class='ocrx_word' id='word_1_115' title='bbox 1067 2403 1151 2464; x_wconf 88' lang='lat' dir='ltr'>sunt</span> <span class='ocrx_word' id='word_1_116' title='bbox 1178 2392 1376 2485; x_wconf 89' lang='lat' dir='ltr'>plantarum</span> <span class='ocrx_word' id='word_1_117' title='bbox 1405 2390 1580 2483; x_wconf 80' lang='lat' dir='ltr'>vestigia,</span> 
     </span>
     <span class='ocr_line' id='line_1_17' title="bbox 468 2514 1580 2612; baseline 0.002 -27"><span class='ocrx_word' id='word_1_118' title='bbox 468 2515 670 2587; x_wconf 90' lang='lat' dir='ltr'>nominibus</span> <span class='ocrx_word' id='word_1_119' title='bbox 690 2517 875 2612; x_wconf 87' lang='lat' dir='ltr'>inscripta,</span> <span class='ocrx_word' id='word_1_120' title='bbox 904 2539 974 2591; x_wconf 92' lang='lat' dir='ltr'>non</span> <span class='ocrx_word' id='word_1_121' title='bbox 994 2518 1138 2589; x_wconf 89' lang='lat' dir='ltr'>omnino</span> <span class='ocrx_word' id='word_1_122' title='bbox 1157 2515 1279 2588; x_wconf 90' lang='lat' dir='ltr'>claret.</span> <span class='ocrx_word' id='word_1_123' title='bbox 1312 2514 1484 2588; x_wconf 77' lang='lat' dir='ltr'>ductores</span> <span class='ocrx_word' id='word_1_124' title='bbox 1505 2515 1580 2587; x_wconf 80' lang='lat' dir='ltr'>haec</span> 
     </span>
     <span class='ocr_line' id='line_1_18' title="bbox 470 2639 1583 2732; baseline 0.001 -21"><span class='ocrx_word' id='word_1_125' title='bbox 470 2661 644 2713; x_wconf 88' lang='lat' dir='ltr'>marmora</span> <span class='ocrx_word' id='word_1_126' title='bbox 664 2641 882 2732; x_wconf 88' lang='lat' dir='ltr'>illustrandi,</span> <span class='ocrx_word' id='word_1_127' title='bbox 912 2642 1115 2714; x_wconf 84' lang='lat' dir='ltr'>existimant</span> <span class='ocrx_word' id='word_1_128' title='bbox 1134 2662 1175 2713; x_wconf 88' lang='lat' dir='ltr'>ea</span> <span class='ocrx_word' id='word_1_129' title='bbox 1195 2641 1241 2713; x_wconf 91' lang='lat' dir='ltr'>ad</span> <span class='ocrx_word' id='word_1_130' title='bbox 1261 2639 1472 2714; x_wconf 90' lang='lat' dir='ltr'>christianos</span> <span class='ocrx_word' id='word_1_131' title='bbox 1499 2663 1583 2713; x_wconf 90' lang='lat' dir='ltr'>usus</span> 
     </span>
    </p>
   </div>
   <div class='ocr_carea' id='block_1_3' title="bbox 470 2767 1587 3362">
    <p class='ocr_par' dir='ltr' id='par_1_4' title="bbox 470 2767 1587 3362">
     <span class='ocr_line' id='line_1_19' title="bbox 470 2767 1582 2860; baseline -0.001 -21"><span class='ocrx_word' id='word_1_132' title='bbox 470 2768 774 2854; x_wconf 82' lang='lat' dir='ltr'>essereferenda,</span> <span class='ocrx_word' id='word_1_133' title='bbox 804 2779 840 2840; x_wconf 90' lang='lat' dir='ltr'>et</span> <span class='ocrx_word' id='word_1_134' title='bbox 859 2769 906 2839; x_wconf 86' lang='lat' dir='ltr'>ita</span> <span class='ocrx_word' id='word_1_135' title='bbox 925 2767 1158 2860; x_wconf 80' lang='lat' dir='ltr'>significatum</span> <span class='ocrx_word' id='word_1_136' title='bbox 1179 2787 1258 2839; x_wconf 87' lang='lat' dir='ltr'>esse</span> <span class='ocrx_word' id='word_1_137' title='bbox 1276 2767 1391 2839; x_wconf 89' lang='lat' dir='ltr'>socios</span> <span class='ocrx_word' id='word_1_138' title='bbox 1410 2767 1582 2860; x_wconf 86' lang='lat' dir='ltr'>quosdam</span> 
     </span>
     <span class='ocr_line' id='line_1_20' title="bbox 470 2890 1581 2985; baseline 0.002 -23"><span class='ocrx_word' id='word_1_139' title='bbox 470 2891 608 2985; x_wconf 81' lang='lat' dir='ltr'>collegii</span> <span class='ocrx_word' id='word_1_140' title='bbox 638 2892 817 2965; x_wconf 87' lang='lat' dir='ltr'>christiani</span> <span class='ocrx_word' id='word_1_141' title='bbox 849 2893 1071 2965; x_wconf 89' lang='lat' dir='ltr'>convenisse.</span> <span class='ocrx_word' id='word_1_142' title='bbox 1099 2892 1168 2964; x_wconf 90' lang='lat' dir='ltr'>Sed</span> <span class='ocrx_word' id='word_1_143' title='bbox 1196 2890 1255 2963; x_wconf 90' lang='lat' dir='ltr'>tali</span> <span class='ocrx_word' id='word_1_144' title='bbox 1285 2893 1581 2964; x_wconf 81' lang='lat' dir='ltr'>commentatione</span> 
     </span>
     <span class='ocr_line' id='line_1_21' title="bbox 471 3016 1581 3110; baseline -0.001 -22"><span class='ocrx_word' id='word_1_145' title='bbox 471 3039 540 3090; x_wconf 94' lang='lat' dir='ltr'>non</span> <span class='ocrx_word' id='word_1_146' title='bbox 565 3019 680 3090; x_wconf 92' lang='lat' dir='ltr'>omnis</span> <span class='ocrx_word' id='word_1_147' title='bbox 708 3017 840 3089; x_wconf 86' lang='lat' dir='ltr'>tollitur</span> <span class='ocrx_word' id='word_1_148' title='bbox 864 3018 1050 3090; x_wconf 93' lang='lat' dir='ltr'>dubitatio.</span> <span class='ocrx_word' id='word_1_149' title='bbox 1081 3016 1305 3110; x_wconf 79' lang='lat' dir='ltr'>Quanquam</span> <span class='ocrx_word' id='word_1_150' title='bbox 1336 3017 1485 3110; x_wconf 79' lang='lat' dir='ltr'>vestigia</span> <span class='ocrx_word' id='word_1_151' title='bbox 1513 3038 1581 3088; x_wconf 92' lang='lat' dir='ltr'>una</span> 
     </span>
     <span class='ocr_line' id='line_1_22' title="bbox 471 3141 1580 3236; baseline -0.002 -24"><span class='ocrx_word' id='word_1_152' title='bbox 471 3163 549 3212; x_wconf 91' lang='lat' dir='ltr'>oum</span> <span class='ocrx_word' id='word_1_153' title='bbox 571 3141 681 3212; x_wconf 90' lang='lat' dir='ltr'>titulis</span> <span class='ocrx_word' id='word_1_154' title='bbox 700 3142 879 3235; x_wconf 90' lang='lat' dir='ltr'>ephebicis</span> <span class='ocrx_word' id='word_1_155' title='bbox 899 3153 1036 3236; x_wconf 87' lang='lat' dir='ltr'>reperta</span> <span class='ocrx_word' id='word_1_156' title='bbox 1059 3142 1149 3229; x_wconf 89' lang='lat' dir='ltr'>sint,</span> <span class='ocrx_word' id='word_1_157' title='bbox 1180 3152 1215 3212; x_wconf 90' lang='lat' dir='ltr'>et</span> <span class='ocrx_word' id='word_1_158' title='bbox 1240 3141 1370 3234; x_wconf 81' lang='lat' dir='ltr'>saepius</span> <span class='ocrx_word' id='word_1_159' title='bbox 1396 3142 1432 3212; x_wconf 93' lang='lat' dir='ltr'>in</span> <span class='ocrx_word' id='word_1_160' title='bbox 1456 3141 1580 3214; x_wconf 82' lang='lat' dir='ltr'>eodem</span> 
     </span>
     <span class='ocr_line' id='line_1_23' title="bbox 471 3265 1587 3362; baseline 0.001 -27"><span class='ocrx_word' id='word_1_161' title='bbox 471 3265 587 3361; x_wconf 87' lang='lat' dir='ltr'>lapide</span> <span class='ocrx_word' id='word_1_162' title='bbox 604 3287 708 3338; x_wconf 90' lang='lat' dir='ltr'>manu</span> <span class='ocrx_word' id='word_1_163' title='bbox 722 3266 864 3360; x_wconf 91' lang='lat' dir='ltr'>quidem</span> <span class='ocrx_word' id='word_1_164' title='bbox 882 3267 961 3338; x_wconf 91' lang='lat' dir='ltr'>rudi</span> <span class='ocrx_word' id='word_1_165' title='bbox 981 3266 1154 3362; x_wconf 88' lang='lat' dir='ltr'>insculpta</span> <span class='ocrx_word' id='word_1_166' title='bbox 1169 3276 1380 3361; x_wconf 88' lang='lat' dir='ltr'>appareant,</span> <span class='ocrx_word' id='word_1_167' title='bbox 1401 3265 1499 3337; x_wconf 92' lang='lat' dir='ltr'>haud</span> <span class='ocrx_word' id='word_1_168' title='bbox 1518 3266 1587 3336; x_wconf 92' lang='lat' dir='ltr'>du·</span> 
     </span>
    </p>
   </div>
   <div class='ocr_carea' id='block_1_4' title="bbox 471 3520 1587 4479">
    <p class='ocr_par' dir='ltr' id='par_1_5' title="bbox 503 3520 1433 3588">
     <span class='ocr_line' id='line_1_24' title="bbox 503 3520 1433 3588; baseline -0.004 -13"><span class='ocrx_word' id='word_1_169' title='bbox 503 3524 537 3588; x_wconf 87' lang='lat' dir='ltr'>(i)</span> <span class='ocrx_word' id='word_1_170' title='bbox 553 3525 587 3574; x_wconf 84' lang='lat' dir='ltr'>Dc</span> <span class='ocrx_word' id='word_1_171' title='bbox 597 3524 698 3588; x_wconf 76' lang='lat' dir='ltr'>ephebia</span> <span class='ocrx_word' id='word_1_172' title='bbox 712 3523 810 3580; x_wconf 78' lang='lat' dir='ltr'>atticis.</span> <span class='ocrx_word' id='word_1_173' title='bbox 826 3537 852 3588; x_wconf 90' lang='lat' dir='ltr'>p.</span> <span class='ocrx_word' id='word_1_174' title='bbox 867 3523 907 3580; x_wconf 74' lang='lat'>20.</span> <span class='ocrx_word' id='word_1_175' title='bbox 921 3522 959 3575; x_wconf 78' lang='lat' dir='ltr'>tt.</span> <span class='ocrx_word' id='word_1_176' title='bbox 975 3520 1014 3574; x_wconf 83' lang='lat' dir='ltr'>Cf.</span> <span class='ocrx_word' id='word_1_177' title='bbox 1031 3521 1160 3582; x_wconf 82' lang='lat' dir='ltr'>Durabat,</span> <span class='ocrx_word' id='word_1_178' title='bbox 1177 3537 1219 3586; x_wconf 92' lang='lat' dir='ltr'>op.</span> <span class='ocrx_word' id='word_1_179' title='bbox 1235 3521 1322 3579; x_wconf 85' lang='lat' dir='ltr'>laud..</span> <span class='ocrx_word' id='word_1_180' title='bbox 1337 3536 1363 3587; x_wconf 90' lang='lat' dir='ltr'>p.</span> <span class='ocrx_word' id='word_1_181' title='bbox 1378 3520 1433 3574; x_wconf 78' lang='lat' dir='ltr'>tta.</span> 
     </span>
    </p>

    <p class='ocr_par' dir='ltr' id='par_1_6' title="bbox 471 3610 1587 3855">
     <span class='ocr_line' id='line_1_25' title="bbox 505 3610 1587 3677; baseline 0.001 -16"><span class='ocrx_word' id='word_1_182' title='bbox 505 3612 538 3676; x_wconf 77' lang='lat'>(2)</span> <span class='ocrx_word' id='word_1_183' title='bbox 555 3611 723 3662; x_wconf 87' lang='lat' dir='ltr'>Mordtmann</span> <span class='ocrx_word' id='word_1_184' title='bbox 735 3616 762 3662; x_wconf 88' lang='lat' dir='ltr'>et</span> <span class='ocrx_word' id='word_1_185' title='bbox 776 3611 898 3668; x_wconf 88' lang='lat' dir='ltr'>Dethier,</span> <span class='ocrx_word' id='word_1_186' title='bbox 921 3611 1083 3677; x_wconf 77' lang='lat' dir='ltr'>Epiprcpbt&#39;b</span> <span class='ocrx_word' id='word_1_187' title='bbox 1096 3625 1146 3662; x_wconf 81' lang='lat' dir='ltr'>coc</span> <span class='ocrx_word' id='word_1_188' title='bbox 1163 3613 1309 3676; x_wconf 72' lang='lat' dir='ltr'>Byzantion</span> <span class='ocrx_word' id='word_1_189' title='bbox 1328 3613 1383 3663; x_wconf 80' lang='lat' dir='ltr'>und</span> <span class='ocrx_word' id='word_1_190' title='bbox 1404 3610 1587 3663; x_wconf 73' lang='lat' dir='ltr'>consttution-</span> 
     </span>
     <span class='ocr_line' id='line_1_26' title="bbox 471 3697 1586 3767; baseline -0.002 -15"><span class='ocrx_word' id='word_1_191' title='bbox 471 3701 539 3767; x_wconf 82' lang='lat' dir='ltr'>polis</span> <span class='ocrx_word' id='word_1_192' title='bbox 557 3717 607 3752; x_wconf 81' lang='lat' dir='ltr'>cort</span> <span class='ocrx_word' id='word_1_193' title='bbox 621 3704 670 3752; x_wconf 82' lang='lat' dir='ltr'>dec</span> <span class='ocrx_word' id='word_1_194' title='bbox 683 3702 786 3752; x_wconf 79' lang='lat' dir='ltr'>ditcsten</span> <span class='ocrx_word' id='word_1_195' title='bbox 804 3702 873 3762; x_wconf 83' lang='lat' dir='ltr'>leit,</span> <span class='ocrx_word' id='word_1_196' title='bbox 895 3701 934 3751; x_wconf 80' lang='lat' dir='ltr'>bis</span> <span class='ocrx_word' id='word_1_197' title='bbox 947 3714 1007 3750; x_wconf 75' lang='lat' dir='ltr'>rum</span> <span class='ocrx_word' id='word_1_198' title='bbox 1019 3701 1097 3752; x_wconf 80' lang='lat' dir='ltr'>Jcbre</span> <span class='ocrx_word' id='word_1_199' title='bbox 1111 3701 1207 3753; x_wconf 78' lang='lat' dir='ltr'>Christi</span> <span class='ocrx_word' id='word_1_200' title='bbox 1223 3701 1292 3756; x_wconf 78' lang='lat' dir='ltr'>ttt‘t.</span> <span class='ocrx_word' id='word_1_201' title='bbox 1315 3697 1409 3758; x_wconf 86' lang='lat' dir='ltr'>Wieh.</span> <span class='ocrx_word' id='word_1_202' title='bbox 1434 3699 1511 3762; x_wconf 79' lang='lat' dir='ltr'>tuot,</span> <span class='ocrx_word' id='word_1_203' title='bbox 1527 3699 1586 3751; x_wconf 84' lang='lat' dir='ltr'>vide</span> 
     </span>
     <span class='ocr_line' id='line_1_27' title="bbox 471 3785 920 3855; baseline -0.004 -17"><span class='ocrx_word' id='word_1_204' title='bbox 471 3803 498 3855; x_wconf 91' lang='lat' dir='ltr'>p.</span> <span class='ocrx_word' id='word_1_205' title='bbox 511 3787 551 3846; x_wconf 74' lang='lat'>73.</span> <span class='ocrx_word' id='word_1_206' title='bbox 566 3787 640 3853; x_wconf 84' lang='lat' dir='ltr'><strong>LVI,</strong></span> <span class='ocrx_word' id='word_1_207' title='bbox 655 3789 802 3853; x_wconf 76' lang='lat' dir='ltr'>fragmenta</span> <span class='ocrx_word' id='word_1_208' title='bbox 815 3789 840 3838; x_wconf 81' lang='lat' dir='ltr'>A</span> <span class='ocrx_word' id='word_1_209' title='bbox 852 3793 878 3839; x_wconf 87' lang='lat' dir='ltr'>ct</span> <span class='ocrx_word' id='word_1_210' title='bbox 890 3785 920 3838; x_wconf 90' lang='lat' dir='ltr'>B.</span> 
     </span>
    </p>

    <p class='ocr_par' dir='ltr' id='par_1_7' title="bbox 905 3880 1099 4109">
     <span class='ocr_line' id='line_1_28' title="bbox 906 3880 1031 3936; baseline -0.008 -7"><span class='ocrx_word' id='word_1_211' title='bbox 906 3880 1031 3936; x_wconf 79' lang='grc' dir='ltr'><strong>Γλυκῶνος</strong></span> 
     </span>
     <span class='ocr_line' id='line_1_29' title="bbox 905 3968 1099 4036; baseline 0.005 -18"><span class='ocrx_word' id='word_1_212' title='bbox 905 3969 948 4018; x_wconf 82' lang='grc' dir='ltr'>καὶ</span> <span class='ocrx_word' id='word_1_213' title='bbox 961 3968 1099 4036; x_wconf 78' lang='grc' dir='ltr'><strong>Δημητρίου</strong></span> 
     </span>
     <span class='ocr_line' id='line_1_30' title="bbox 907 4058 1098 4109; baseline 0.005 -1"><span class='ocrx_word' id='word_1_214' title='bbox 907 4063 955 4108; x_wconf 86' lang='grc' dir='ltr'>τῶν</span> <span class='ocrx_word' id='word_1_215' title='bbox 969 4058 1098 4109; x_wconf 78' lang='grc' dir='ltr'>συστάτων</span> 
     </span>
    </p>

    <p class='ocr_par' dir='ltr' id='par_1_8' title="bbox 472 4142 1586 4388">
     <span class='ocr_line' id='line_1_31' title="bbox 502 4142 1585 4212; baseline -0.001 -15"><span class='ocrx_word' id='word_1_216' title='bbox 502 4145 598 4198; x_wconf 80' lang='lat' dir='ltr'>Confer</span> <span class='ocrx_word' id='word_1_217' title='bbox 612 4147 787 4212; x_wconf 81' lang='lat' dir='ltr'>fragmentum</span> <span class='ocrx_word' id='word_1_218' title='bbox 801 4142 963 4212; x_wconf 79' lang='lat' dir='ltr'>Cyzicenum</span> <span class='ocrx_word' id='word_1_219' title='bbox 976 4145 1121 4202; x_wconf 90' lang='lat' dir='ltr'>ineditum.</span> <span class='ocrx_word' id='word_1_220' title='bbox 1144 4145 1215 4210; x_wconf 88' lang='lat' dir='ltr'>quod</span> <span class='ocrx_word' id='word_1_221' title='bbox 1231 4145 1330 4211; x_wconf 83' lang='lat' dir='ltr'>publici</span> <span class='ocrx_word' id='word_1_222' title='bbox 1344 4146 1413 4211; x_wconf 85' lang='lat' dir='ltr'>juris</span> <span class='ocrx_word' id='word_1_223' title='bbox 1427 4146 1498 4198; x_wconf 79' lang='lat' dir='ltr'>infra</span> <span class='ocrx_word' id='word_1_224' title='bbox 1517 4146 1585 4198; x_wconf 85' lang='lat' dir='ltr'>faci-</span> 
     </span>
     <span class='ocr_line' id='line_1_32' title="bbox 472 4233 1586 4300; baseline 0 -13"><span class='ocrx_word' id='word_1_225' title='bbox 472 4251 545 4299; x_wconf 86' lang='lat' dir='ltr'>mus,</span> <span class='ocrx_word' id='word_1_226' title='bbox 562 4236 710 4300; x_wconf 80' lang='lat' dir='ltr'>Appcndix,</span> <span class='ocrx_word' id='word_1_227' title='bbox 723 4245 754 4285; x_wconf 89' lang='lat' dir='ltr'>n0</span> <span class='ocrx_word' id='word_1_228' title='bbox 770 4236 792 4286; x_wconf 86' lang='lat' dir='ltr'>t.</span> <span class='ocrx_word' id='word_1_229' title='bbox 814 4233 855 4285; x_wconf 76' lang='lat' dir='ltr'>Ex</span> <span class='ocrx_word' id='word_1_230' title='bbox 873 4249 925 4299; x_wconf 90' lang='lat' dir='ltr'>quo</span> <span class='ocrx_word' id='word_1_231' title='bbox 938 4239 1057 4293; x_wconf 86' lang='lat' dir='ltr'>constat.</span> <span class='ocrx_word' id='word_1_232' title='bbox 1073 4237 1154 4287; x_wconf 92' lang='lat' dir='ltr'>unico</span> <span class='ocrx_word' id='word_1_233' title='bbox 1165 4249 1228 4288; x_wconf 83' lang='lat' dir='ltr'>sane</span> <span class='ocrx_word' id='word_1_234' title='bbox 1245 4236 1382 4300; x_wconf 84' lang='lat' dir='ltr'>exemplo,</span> <span class='ocrx_word' id='word_1_235' title='bbox 1400 4237 1472 4288; x_wconf 92' lang='lat' dir='ltr'>hunc</span> <span class='ocrx_word' id='word_1_236' title='bbox 1485 4250 1586 4287; x_wconf 90' lang='lat' dir='ltr'>morem</span> 
     </span>
     <span class='ocr_line' id='line_1_33' title="bbox 472 4323 1115 4388; baseline 0 -15"><span class='ocrx_word' id='word_1_237' title='bbox 472 4323 563 4388; x_wconf 87' lang='lat' dir='ltr'>Cyzici</span> <span class='ocrx_word' id='word_1_238' title='bbox 575 4325 645 4376; x_wconf 85' lang='lat' dir='ltr'>haud</span> <span class='ocrx_word' id='word_1_239' title='bbox 659 4338 736 4375; x_wconf 88' lang='lat' dir='ltr'>secus</span> <span class='ocrx_word' id='word_1_240' title='bbox 746 4328 824 4388; x_wconf 78' lang='lat' dir='ltr'>atque</span> <span class='ocrx_word' id='word_1_241' title='bbox 836 4323 949 4374; x_wconf 87' lang='lat' dir='ltr'>Athenis</span> <span class='ocrx_word' id='word_1_242' title='bbox 961 4323 1115 4375; x_wconf 83' lang='lat' dir='ltr'>invaluisse.</span> 
     </span>
    </p>

    <p class='ocr_par' dir='ltr' id='par_1_9' title="bbox 502 4410 1314 4479">
     <span class='ocr_line' id='line_1_34' title="bbox 502 4410 1314 4479; baseline 0.001 -16"><span class='ocrx_word' id='word_1_243' title='bbox 502 4413 534 4478; x_wconf 80' lang='lat'>(3)</span> <span class='ocrx_word' id='word_1_244' title='bbox 554 4413 721 4466; x_wconf 85' lang='lat' dir='ltr'>Mordtmann</span> <span class='ocrx_word' id='word_1_245' title='bbox 735 4418 761 4468; x_wconf 87' lang='lat' dir='ltr'>et</span> <span class='ocrx_word' id='word_1_246' title='bbox 775 4413 896 4476; x_wconf 75' lang='lat' dir='ltr'>bethim,</span> <span class='ocrx_word' id='word_1_247' title='bbox 911 4427 953 4479; x_wconf 94' lang='lat' dir='ltr'>op.</span> <span class='ocrx_word' id='word_1_248' title='bbox 968 4413 1024 4475; x_wconf 78' lang='lat' dir='ltr'>cit,</span> <span class='ocrx_word' id='word_1_249' title='bbox 1043 4415 1145 4465; x_wconf 84' lang='lat' dir='ltr'>tabulas</span> <span class='ocrx_word' id='word_1_250' title='bbox 1156 4410 1223 4476; x_wconf 84' lang='lat' dir='ltr'>VII,</span> <span class='ocrx_word' id='word_1_251' title='bbox 1239 4411 1314 4466; x_wconf 87' lang='lat' dir='ltr'>VIII.</span> 
     </span>
    </p>
   </div>
   <div class='ocr_carea' id='block_1_5' title="bbox 0 0 1758 5404">
    <p class='ocr_par' dir='ltr' id='par_1_10' title="bbox 0 0 1758 5404">
     <span class='ocr_line' id='line_1_35' title="bbox 0 0 1758 5404; baseline 0 0"><span class='ocrx_word' id='word_1_252' title='bbox 0 0 1758 5404; x_wconf 95' lang='lat' dir='ltr'> </span> 
     </span>
    </p>
   </div>
  </div>
 </body>
</html>
