3492 5404
932 531 1091 592 -5g-

452 668 561 753 civis,
596 667 657 760 qui
679 687 771 736 unus
796 665 1055 760 epatronymis
1081 665 1267 760 eponymis
1286 666 1436 736 exstitit.
1472 664 1572 748 Quod

452 813 561 885 quum
586 789 715 860 Boeckh
741 788 950 877 attenderit,
984 788 1166 880 ingeniose
1186 789 1232 860 de
1252 788 1319 860 hoc
1345 789 1458 860 verbo
1477 809 1572 860 com·

453 924 629 987 mentetua
644 923 715 1003 est3
733 923 769 985 ct
783 934 901 1007 operae
914 913 1065 1007 pretium
1079 913 1145 983 erit
1164 935 1245 1008 quae
1265 913 1473 985 doctissimo
1496 912 1573 984 viro

453 1039 659 1135 placuerunt
671 1037 792 1132 paucis
808 1047 969 1132 repetere
987 1035 1052 1134 (i).
1069 1037 1222 1109 Titulnm
1241 1035 1404 1134 ωνέφηὸος
1419 1049 1474 1108 τοῦ
1488 1032 1574 1106 δεῖνα

452 1163 488 1236 in
515 1163 688 1236 honorum
713 1161 889 1234 curriculo
913 1161 1025 1257 prima
1053 1183 1193 1257 semper
1222 1162 1314 1235 linea
1346 1161 1571 1257 suppeditat3

452 1287 560 1360 semel
589 1287 715 1377 modo,
752 1287 948 1358 secundum
981 1287 1094 1360 locum
1125 1287 1281 1376 obtinet,
1315 1309 1425 1381 quum
1461 1286 1574 1381 primo

453 1421 619 1483 exaratus
637 1421 691 1483 est
710 1411 832 1482 titulus
854 1413 1025 1507 βωμονίκης
1046 1410 1123 1509 (2)·
1141 1413 1226 1485 inde
1244 1412 1408 1506 sequitur
1426 1411 1493 1483 hoc
1512 1433 1574 1482 vo·

452 1537 616 1607 cabutam
646 1536 905 1626 ajuvenibus,
941 1546 1098 1631 tempore
1128 1537 1311 1632 ephebiae,
1343 1536 1444 1630 quasi
1471 1556 1574 1607 orna·

453 1673 610 1732 mentum
629 1660 790 1755 usurpari
812 1662 939 1734 solere.
967 1660 1071 1744 Quod
1099 1655 1160 1755 qui
1187 1661 1321 1734 nomini
1341 1683 1407 1734 suo
1426 1661 1572 1732 addide-

454 1795 555 1880 runt,
577 1785 807 1879 designantur
832 1787 935 1879 quasi
955 1786 1152 1881 synaphebi
1172 1786 1356 1879 cujusdam
1377 1785 1573 1881 patronymi

452 1891 639 2005 epon'ymi3
671 1910 838 1981 novimus
856 1911 951 1997 enim
971 1909 1197 2006 synephebos
1223 1911 1417 1999 Seidectae,
1448 1911 1575 1982 Damo-

452 2035 617 2125 cratidae,
654 2035 814 2130 Lysippi,
852 2035 1003 2108 Herodis
1030 2035 1157 2126 Attici,
1189 2036 1351 2129 Longini.
1384 2036 1501 2120 Quare
1531 2055 1574 2106 eo

452 2160 640 2232 adducitur
665 2159 794 2230 Boeclrh
823 2169 861 2230 ut
887 2160 1077 2232 concludat
1096 2160 1322 2256 synaphebos
1342 2161 1434 2233 circa
1456 2172 1572 2254 patro-

452 2305 597 2379 nymum
617 2305 830 2379 eponymum
853 2285 955 2377 quasi
977 2285 1184 2378 praesidium
1209 2285 1457 2369 constituisse,
1485 2285 1574 2355 inter

451 2407 662 2480 fortissimos
675 2416 710 2478 et
721 2408 962 2481 nobilissimos
976 2409 1196 2504 epheborum
1213 2409 1402 2482 delectum.
1417 2408 1573 2480 Pertrec·¹

453 2533 539 2604 tanti
560 2533 674 2604 cuivis
696 2533 814 2604 titulos
834 2532 1029 2622 laconicus,
1052 2535 1212 2629 speciosa
1231 2535 1376 2628 quidem
1393 2534 1573 2606 videbitur

453 2656 530 2730 haec
549 2658 817 2748 commentati03
835 2658 892 2729 cui
911 2659 1082 2730 minorem
1101 2657 1206 2732 fidem
1224 2659 1395 2732 adhibere
1408 2659 1570 2746 latemur,

453 2783 483 2853 si
502 2783 620 2855 titulos
640 2783 764 2855 atticos
779 2783 946 2854 laconicis
964 2784 1201 2856 conseramus.
1214 2785 1251 2854 lo
1268 2783 1382 2855 Attica
1398 2784 1491 2855 enim
1508 2804 1570 2855 vo·

453 2907 617 3011 cabulum
639 2905 803 3003 συνέφηόος
821 2908 1021 2980 sexcenties
1043 2907 1099 3006 (3)
1116 2909 1310 3004 reperitur,
1332 2929 1448 3002 neque
1472 2907 1572 2979 aliter

454 3033 676 3128 interpretari
707 3034 828 3106 valeas
861 3051 975 3126 quam·
998 3034 1184 3127 ephadu'cum
1214 3034 1367 3105 audohin.
1399 3031 1570 3105 Praeterea

455 3159 557 3252 plane
576 3159 738 3251 congruit
756 3180 835 3229 cum
856 3158 971 3230 atticis
993 3159 1103 3230 titulis
1125 3159 1306 3254 inscriptio
1325 3159 1480 3232 laconica
1500 3156 1568 3255 (l),

453 3305 522 3379 qua
541 3284 736 3379 synaphebi
757 3293 907 3356 statuam
926 3283 1038 3357 sodali
1062 3305 1128 3356 suo
1147 3285 1342 3358 Damocrati
1361 3284 1567 3372 decernunt,

453 3420 488 3481 et
507 3411 542 3480 in
563 3409 725 3503 palaestra
744 3409 897 3501 erigunt.
926 3409 960 3478 Si
982 3411 1126 3503 prolatis
1145 3430 1166 3480 a
1186 3432 1223 3481 v.
1245 3410 1290 3482 cl.
1309 3409 1437 3481 Boeckh
1458 3419 1567 3480 stare-

453 3555 551 3623 mus,
578 3534 662 3604 inde
680 3543 889 3626 sequeretur
907 3533 1148 3606 Democratem
1160 3545 1417 3629 patronymum
1438 3533 1567 3622 luisse,

452 3658 549 3752 quod
570 3657 667 3729 nullo
688 3657 891 3730 testimonio
910 3660 1171 3753 comprobatur.
1200 3633 1208 3650 ’

485 3981 519 4048 (Ι)
537 3982 633 4046 corpur
646 3982 725 4033 iocor.
739 3992 823 4046 orec..
838 3985 857 4032 t.
873 3981 899 4041 l,
912 3997 975 4048 pars
988 3981 1023 4041 V,
1038 3987 1119 4048 caput
1130 3981 1178 4041 Vl,
1195 3982 1209 4035 3
1223 3998 1278 4048 seq.

482 4072 516 4137 (at
533 4069 673 4122 Neminem
688 4073 756 4123 tellit
769 4074 820 4124 hoc
834 4073 941 4124 nomine
953 4073 1042 4125 ornari
1057 4088 1169 4138 puerum
1181 4076 1227 4140 qui
1238 4075 1322 4139 virgis
1336 4072 1404 4126 caedi
1421 4076 1483 4124 anta
1498 4083 1571 4124 aram

452 4161 599 4214 Artemidis
611 4162 711 4214 Orthiae
726 4165 869 4215 fortissimo
885 4165 1043 4215 toleraverat
1056 4163 1140 4230 (Vide
1153 4164 1188 4216 Le
1201 4163 1254 4215 Bas
1266 4168 1293 4216 et
1303 4162 1431 4222 Foucart,
1444 4170 1474 4213 n⁰
1488 4161 1532 4216 175
1544 4164 1570 4212 b.

452 4250 493 4304 Cf.
511 4251 671 4316 Pausanias,
684 4252 737 4313 111,
753 4251 835 4316 XVI,
855 4253 892 4314 ¹0,
908 4259 934 4304 et
946 4252 1055 4318 Cicero,
1072 4254 1235 4312 Tusculanae.
1253 4253 1294 4312 ΙΙ,
1309 4251 1385 4304 xlv.

485 4341 518 4408 (3)
536 4339 605 4394 Vide
619 4341 749 4402 Dumont,
766 4357 808 4408 op.
821 4343 903 4404 laud„
920 4347 939 4395 t.
955 4342 988 4406 ΙΙ,
1007 4342 1255 4407 xx‚xn1,xl.11,
1271 4341 1368 4403 XLVI,
1384 4345 1436 4394 etc.

482 4431 517 4497 (l)
533 4431 633 4485 LeBas
644 4438 671 4485 et
683 4432 810 4494 liencurt,
824 4442 854 4484 ιιο
869 4432 922 4485 167.
1410 4451 1412 4456 ·
