3492 5404
844 576 849 582 .
918 523 1078 590 -34-

440 631 621 750 redolere3
641 661 736 733 unde
753 661 859 732 infert
876 660 1099 754 AEgusthenis
1120 662 1256 734 tabulas
1272 684 1294 735 e
1309 662 1471 756 catalogo
1489 663 1553 733 mi-

439 785 531 857 litari
561 787 713 858 civitatis
746 782 912 858 Onchesti
941 809 1019 859 esse
1046 787 1262 883 desumptas.
1297 789 1449 882 Nempe,
1482 808 1554 881 quo

441 920 598 1005 tempore
621 913 670 982 illi
696 913 831 1006 lapides
859 912 979 1006 scripti
998 922 1099 1001 sunt,
1122 914 1281 985 civitates
1298 913 1487 1006 Megaridis
1507 912 1552 984 ad

438 1037 638 1137 Boeotorum
677 1037 879 1109 societatem
908 1040 1159 1124 'accesserunt,
1196 1048 1231 1109 et
1265 1039 1366 1131 quasi
1402 1047 1554 1119 συντελεῖς

438 1161 601 1235 boeoticae
630 1163 769 1234 cuidam
804 1163 961 1251 civitati,
990 1163 1166 1236 Onchesto
1193 1163 1346 1249 scilicet,
1377 1163 1553 1255 adjunctae

439 1287 593 1360 luerunt.
613 1288 798 1360 Militarem
817 1298 936 1359 autem
953 1289 1110 1382 copiam,
1132 1311 1194 1383 pro
1215 1309 1278 1360 sua
1299 1298 1419 1383 parte,
1441 1287 1553 1360 socio·

439 1413 519 1485 tatis
539 1413 709 1486 exercitui
727 1414 965 1509 suppeditant.
980 1414 1110 1502 Ouum,
1131 1415 1274 1486 foederis
1289 1435 1409 1504 causa,
1429 1413 1552 1485 harum

438 1536 620 1608 civitatum
637 1535 795 1607 instituta
814 1546 943 1607 mutata
961 1537 1044 1626 sint,
1064 1545 1138 1607 lum
1151 1537 1231 1643 ipsa,
1243 1537 1461 1632 epheborum
1480 1534 1552 1607 cul·

438 1659 529 1752 legia
567 1661 737 1754 quasdam
771 1661 867 1732 vices
896 1683 998 1755 passa
1027 1671 1135 1751 sunt;
1171 1682 1251 1732 nam
1283 1659 1553 1754 aegosthenitani

437 1784 585 1886 ephebi,
608 1786 731 1857 militia
750 1785 924 1873 functuri,
948 1808 1018 1858 non
1039 1789 1111 1877 jam
1135 1786 1171 1857 in
1191 1787 1301 1881 patria
1326 1786 1470 1857 civitate
1488 1805 1552 1856 no-

439 1932 520 1982 men
548 1933 650 1982 suum
677 1911 783 2001 dant,
807 1912 895 2013 sed,
916 1911 1027 1984 boeoti
1047 1911 1176 1983 milites
1195 1911 1299 1998 lacti,
1328 1911 1362 1981 in
1388 1907 1557 1982 Onchesti

437 2037 634 2127 catalogum
655 2031 906 2108 inscribuntur.
933 2035 1001 2107 Cur
1019 2036 1065 2106 ita
1085 2035 1162 2107 fieri
1181 2057 1452 2121 asseveremus,
1474 2055 1550 2106 cer-

437 2170 511 2230 tum
533 2161 684 2232 indicem
704 2161 969 2255 deprehendere
988 2159 1071 2232 licet
1089 2183 1135 2232 ex
1151 2183 1213 2249 eo,
1236 2160 1332 2254 quod
1355 2180 1494 2254 semper
1514 2159 1550 2228 in

438 2284 548 2357 titulis
565 2285 801 2378 AEgosthenis,
820 2286 951 2358 archon
972 2307 1168 2381 eponymus
1187 2285 1353 2357 Onchesti
1375 2306 1484 2379 prope
1499 2304 1553 2355 ar·

396 2471 404 2484 .
437 2408 600 2481 chantem
615 2410 767 2482 civitatis
786 2411 996 2504 peculiarem
1013 2411 1232 2503 designatur.

485 2531 615 2605 Eadem
635 2555 737 2627 paene
763 2534 828 2605 luit
850 2535 1002 2626 Megaran
1024 2544 1130 2628 atque
1153 2533 1376 2626 AEgosthenis
1396 2533 1553 2606 exeundi

437 2659 612 2748 iormula;
634 2679 760 2752 nempe
779 2668 860 2730 ante
881 2659 1138 2752 megenensium
1157 2659 1374 2754 epheborum
1394 2658 1551 2746 nomina,

400 2817 402 2821 ·
435 2783 553 2875 legere
571 2803 682 2876 queas
707 2807 715 2852 τ
743 2779 829 2853 rodda
849 2779 984 2858 ἀπῆλθονΙ
1002 2780 1033 2864 ἐξ
1055 2781 1176 2879 dotandus¹
1192 2786 1232 2864 εἰς
1255 2785 1297 2854 τὰ
1313 2785 1462 2880 τάγματα
1482 2779 1550 2878 (l).

435 2904 566 2977 Similis
585 2905 620 2975 in
643 2915 792 2999 utraque
811 2905 953 2977 civitate
973 2905 1134 2992 formula,
1153 2917 1188 2978 et
1207 2907 1329 2978 itidem
1347 2907 1477 2979 mentio
1496 2927 1555 2977 ar-

412 3111 413 3115 *
436 3029 574 3101 chuntis
599 3031 764 3124 eponyrni
789 3029 1016 3116 onohestani,
1037 3030 1132 3101 haud
1155 3030 1378 3125 disputandis
1398 3030 1554 3102 testimo·

438 3153 505 3225 niis
532 3153 740 3227 confirmant
765 3156 922 3250 ephebos
949 3175 1196 3248 megarenses,
1223 3156 1299 3250 pari
1328 3154 1553 3240 conditione,¹

437 3279 528 3351 inter
559 3281 686 3352 milites
712 3281 849 3353 boeotos
873 3280 1058 3373 inscriptos
1087 3279 1208 3352 luisse.
1235 3279 1399 3351 Attamen
1425 3279 1488 3350 abs
1515 3300 1554 3351 re

438 3424 506 3475 non
525 3405 591 3476 erit
608 3405 889 3477 animadvertere
914 3406 1051 3476 boeotos
1076 3405 1300 3498 magistratus
1327 3423 1553 3497 nequaquam

436 3528 532 3622 leges
549 3538 583 3600 et
600 3530 757 3600 instituta
777 3529 938 3623 ephebiae
954 3528 1130 3621 attigisse,
1155 3550 1269 3622 neque
1289 3529 1400 3600 ullum
1421 3549 1554 3598 munus

437 3653 472 3723 in
499 3654 655 3745 regendo
678 3653 827 3745 collegio
848 3674 1050 3748 usurpasse.
1069 3652 1160 3724 Nihil
1180 3655 1273 3726 enim
1292 3653 1553 3739 aliudcurant,

436 3778 503 3850 nisi
524 3799 605 3872 quae
623 3779 669 3850 ad
688 3788 861 3851 exeuntes
881 3778 1039 3872 ephebos
1056 3779 1255 3872 pertinent3
1275 3799 1390 3873 nequa
1406 3797 1554 3871 usquam

436 3903 599 3976 videmus
615 3904 838 3997 magistratus
856 3903 1021 3975 Onchesti
1045 3903 1103 3974 vel
1120 3923 1343 3996 megarenses
1364 3902 1422 3975 vel
1441 3921 1556 3995 aegos·
1603 3889 1607 3894 ’

437 4027 636 4100 thenitanos
661 4029 811 4121 juvenes
838 4029 873 4100 in
899 4028 1086 4120 collegium
1111 4028 1281 4101 intrantes
1303 4027 1393 4119 juris
1420 4026 1475 4097 sui
1505 4026 1555 4097 lc·

435 4151 539 4226 cisse.
558 4152 608 4226 Eu
624 4154 728 4225 etiam
747 4163 904 4248 tempora
914 4207 925 4243 ,
947 4175 1019 4247 quo
1039 4153 1200 4226 civitates
1216 4151 1421 4246 Megaridis,
1444 4151 1556 4224 loede-

469 4435 502 4500 (Ι)
519 4434 556 4486 La
570 4435 622 4486 Bas
635 4438 662 4486 et
673 4433 799 4494 Foucart,
812 4432 842 4486 34
854 4448 885 4495 a,
903 4431 933 4487 bl
947 4434 974 4484 b.
