3492 5404
638 518 797 580 ..59-

204 655 298 726 Nihil
333 677 419 748 ergo
455 655 572 728 obstat
598 677 662 726 cnr
687 655 905 728 aestimemua
931 656 1142 729 vocabulum
1170 679 1275 753 syne-

160 780 310 875 phebum
331 781 493 853 eumdem
513 781 585 851 vim
605 781 753 853 Athenis
768 792 803 853 el
820 781 955 876 Spartae
973 782 1158 871 habuisse;
1186 783 1274 853 nihil

157 914 278 976 contra
303 904 390 976 certi
421 905 576 978 occurrit
605 927 714 977 cura
749 927 815 979 suo
843 927 950 978 sensu
985 904 1271 999 detorqueamus.

157 1027 257 1113 Quod
277 1050 364 1101 vero
383 1030 427 1101 ad
449 1030 484 1101 id
504 1030 649 1117 attinet,
669 1029 802 1101 scilicet
816 1030 1040 1125 synaphebos
1056 1053 1196 1125 semper
1215 1053 1274 1125 pa·

158 1154 309 1249 tronymi
332 1155 498 1249 eponymi
519 1177 646 1227 nomen
666 1176 985 1244 commemorasse,
1016 1177 1133 1229 nonne
1150 1155 1275 1228 verisi-

156 1279 237 1350 mile
263 1279 444 1352 videbitur
468 1301 529 1353 eos
557 1280 605 1352 ita
631 1282 766 1374 egisse,
799 1292 837 1351 ut
862 1281 1024 1375 ephehiae
1043 1303 1118 1354 suae
1137 1293 1275 1377 tempus

155 1404 414 1497 designarent?
431 1405 564 1501 Nempe
583 1405 663 1499 quis
683 1406 814 1499 estqui
835 1426 905 1477 non
932 1406 1052 1478 videat
1078 1408 1276 1503 patronymi

154 1530 373 1618 mentionem
405 1530 497 1603 idem
526 1531 681 1602 valuisse
704 1541 811 1624 atque
834 1531 939 1602 anni‘l
968 1530 1084 1615 Quare
1107 1532 1173 1604 alia
1195 1554 1276 1625 quae

152 1652 283 1726 Boeclth
298 1654 573 1743 concludemus,
593 1654 635 1726 iis
650 1654 793 1748 quidem
808 1655 918 1726 titulis
933 1656 1033 1745 freti,
1050 1655 1111 1749 qui
1126 1655 1276 1728 Athenis

154 1779 187 1850 in
209 1778 347 1869 lucem,
369 1799 465 1851 anno
484 1779 597 1868 l860,
624 1788 819 1866 venerunt,
839 1790 874 1851 et
891 1778 1031 1872 longam
1051 1779 1275 1875 synaphebo·

153 1926 228 1976 rum
245 1903 376 1974 seriem
391 1903 598 1976 attulerunt.
613 1903 706 1974 Nihil
723 1903 815 1975 enim
831 1904 957 1975 mirum
974 1904 1004 1976 si
1018 1906 1153 1998 Spartae
1167 1913 1275 1998 atque

155 2027 306 2100 Athenis
325 2027 464 2100 civibus
482 2028 694 2122 quibusdam
714 2029 883 2123 placuerit
900 2030 1030 2101 referre
1044 2051 1082 2101 se
1097 2030 1165 2101 viri
1180 2051 1275 2100 sum·

152 2153 220 2224 mis
239 2151 436 2224 honoribus
455 2155 569 2226 ornati
590 2155 735 2226 sodales
753 2155 931 2247 quondam
954 2155 1145 2226 exstitisse.

200 2277 302 2350 Haud
336 2276 499 2350 dissimili
533 2300 662 2364 more,
698 2299 952 2371 nonnunquam
987 2278 1113 2372 ephebi
1145 2299 1274 2352 nomen

135 2391 255 2476 ‘suum
276 2404 379 2478 titulo
398 2404 590 2490 decorant,
611 2404 671 2497 qui
693 2425 754 2477 eos
774 2403 864 2475 inter
880 2424 919 2475 se
934 2403 1099 2475 amicitiae
1117 2425 1274 2478 commu-

153 2529 259 2601 nione
266 2530 409 2620 junctos
423 2527 531 2599 luisse
546 2536 708 2599 testetur.
721 2527 758 2596 ln
773 2526 874 2598 titulo
887 2525 1129 2614 orchomenio,
1146 2527 1274 2620 ephebi

152 2653 318 2725 dicuntur
338 2647 475 2750 [ἔφηέοι]
494 2655 579 2744 φίλοι
596 2655 625 2721 οἱ
641 2655 905 2747 ὑπογεγραμμένοι
926 2648 994 2746 (l).
1016 2650 1078 2738 lta,
1096 2651 1131 2721 in
1145 2650 1273 2742 Attica,

153 2779 302 2871 catalogi
321 2778 517 2874 saepissime
531 2776 743 2848 denuntiant
759 2775 910 2847 selectos
928 2775 1100 2866 quosdam
1119 2775 1274 2868 ephebos

153 2904 213 2997 qui
223 2903 324 2997 quasi
337 2905 440 2998 φίλοι,
456 2901 512 2974 vel
522 2903 629 2998 γοργοί
640 2900 696 2973 vel
710 2904 830 2996 γνήσιοι
842 2898 1072 2991 designantur
1083 2898 1144 2994 (2).
1157 2898 1273 2983 Quan-

153 3049 258 3121 quam
286 3027 381 3099 haud
414 3027 515 3099 facile
541 3036 595 3098 est
623 3025 743 3096 talium
771 3024 961 3096 verborum
993 3046 1137 3096 sensum
1170 3024 1274 3118 plane

153 3150 320 3241 definire,
356 3173 401 3224 ex
434 3151 610 3245 lapidibus
644 3162 761 3220 tamen
792 3157 930 3221 constat
965 3127 1123 3243 ephebos
1152 3151 1274 3241 juncta

151 3277 326 3366 amicitia,
357 3277 392 3347 in
421 3276 624 3349 societatem
653 3275 749 3346 coire
775 3273 898 3345 solitos
919 3294 1022 3363 esse;
1053 3295 1149 3368 saepo
1168 3274 1272 3344 etiam

152 3401 290 3495 singula
306 3402 499 3474 amicorum
514 3401 609 3495 paria
625 3399 861 3486 conveniunt,
879 3396 1008 3490 quihus
1023 3397 1274 3469 adscribuntur

153 3528 262 3600 verba
277 3529 361 3621 φίλοι
375 3529 427 3596 καὶ
440 3523 611 3620 octoadas.
629 3522 877 3618 Asupradicto
894 3544 992 3594 more
1008 3544 1078 3595 non
1099 3522 1276 3615 discrepat

153 3672 260 3746 usus,
278 3649 496 3745 quoephebi
516 3649 611 3737 hini,
634 3648 873 3720 contubernio
888 3646 1023 3739 juncti,
1045 3645 1274 3740 sibimetipsis

153 3770 1273 3865 nomenoccaecavindicant.Dequovocabulo,arecentioribus

153 3900 258 3974 valde
280 3900 494 3994 disputatum
520 3909 587 3970 est.
617 3898 863 3989 Dittenherger
890 3895 1067 3989 duplicem
1090 3894 1163 3998 uim
1191 3893 1274 3964 huic

152 4025 232 4098 voci
251 4025 429 4110 attribuit,
454 4034 489 4095 et
514 4023 664 4118 primum
690 4021 735 4094 ad
762 4019 1057 4105 exercitationes,
1090 4017 1274 4111 inquibus

185 4319 218 4384 (l)
237 4317 314 4383 Keil,
329 4318 428 4385 Sylloge
440 4317 642 4383 inscriptionum
656 4315 836 4376 boeticorum,
857 4311 909 4365 XV
921 4329 946 4365 a.

186 4407 220 4473 (2)
238 4407 369 4467 Dumont.
385 4412 404 4459 t.
417 4407 459 4470 11,
475 4401 671 4460 xxxiv-xm.
