3492 5404
797 1364 935 1439 CAPUT
958 1364 1199 1438 SECUNDUM.

753 1638 798 1688 DE
819 1637 959 1690 LEGIBUS
984 1638 1239 1692 cannatum.

493 1920 511 1961 u
529 1894 639 1966 Nemo
657 1893 693 1963 in
710 1893 864 1966 ciuitatis
882 1895 1001 1965 album
1021 1896 1238 1983 inscribitur,
1260 1895 1327 1964 nisi
1347 1903 1430 1964 ante
1448 1891 1557 1986 epbe·

438 2019 566 2092 borum
585 2021 855 2092 exercitationes
874 2021 1002 2093 obierit
1020 2019 1088 2115 (l).
1112 2049 1131 2086 u
1150 2020 1253 2102 Quod
1273 2020 1319 2090 de
1341 2019 1483 2089 Pellene
1509 2018 1560 2087 ci·

438 2144 550 2216 vitate
567 2146 689 2217 scribit
706 2145 919 2234 PausaniaS,
941 2145 986 2215 dc
1004 2145 1182 2216 universis
1202 2146 1276 2216 lere
1293 2142 1441 2214 Graeciae
1464 2142 1560 2212 urbi·

437 2267 506 2339 bus
530 2271 759 2341 asserendum
787 2292 867 2341 esse
889 2270 1044 2343 ridetur.
1065 2269 1293 2340 Perlrectauti
1322 2268 1416 2338 enim
1442 2268 1559 2337 cuivis

438 2392 630 2486 epbebicus
644 2395 764 2466 titulus
771 2449 783 2484 ‚
801 2395 994 2465 manifestis
1009 2395 1149 2465 indiciis
1163 2405 1310 2488 apparet
1323 2392 1413 2462 nibil
1427 2391 1560 2462 Graecis

437 2518 618 2610 antiquius
647 2519 775 2606 luime,
802 2540 909 2612 quam
943 2529 983 2588 ut
1010 2520 1164 2610 juvenes
1192 2519 1303 2588 animi
1334 2529 1369 2587 et
1399 2516 1560 2609 eorporis

437 2641 534 2712 cultu
553 2643 680 2734 dignos
699 2641 901 2730 efficerent,
921 2643 983 2735 qui
1003 2665 1060 2713 res
1076 2643 1238 2735 publicas
1256 2651 1292 2711 et
1311 2642 1379 2734 ipsi
1395 2641 1557 2734 suscipe·

437 2777 517 2837 rent
536 2768 724 2858 gerendas.
745 2768 837 2860 Ergo
848 2821 861 2856 ,
883 2768 1145 2861 quamprimum
1170 2765 1338 2836 affirmari
1358 2775 1474 2858 potest
1492 2765 1558 2834 mi-

437 2887 534 2959 nime
551 2891 801 2962 constituendo
818 2889 969 2982 collegio
987 2890 1143 2960 defuisse
1168 2889 1265 2980 leges
1280 2899 1417 2978 certas,
1432 2889 1557 2959 arctis·

435 3011 529 3084 simo
546 3015 692 3086 uinculo
707 3037 788 3085 cum
804 3016 932 3086 ceteris
947 3015 1152 3108 reipublicae
1171 3013 1341 3084 institutis
1357 3035 1555 3084 connexas.

435 3135 529 3206 Nihil
548 3140 644 3208 euim
663 3140 700 3209 in
719 3141 869 3232 collegio
886 3141 1022 3232 agitur,
1042 3140 1140 3232 quud
1156 3139 1282 3209 ciuitas
1300 3159 1371 3210 non
1387 3139 1555 3233 prouide-

435 3262 500 3350 rit;
518 3265 565 3334 de
578 3265 718 3356 legibus
735 3265 898 3360 ephebiae
912 3265 1114 3336 sanciendis
1132 3275 1233 3334 curat
1248 3263 1423 3356 populus3
1445 3263 1556 3357 epbe

435 3383 563 3458 burum
574 3411 693 3460 mures
707 3401 743 3460 et
755 3392 958 3461 uniuersam
968 3389 1077 3460 uitam
1089 3389 1191 3481 quasi
1203 3388 1350 3481 publicu
1359 3389 1560 3481 patrocinio

436 3513 797 3607 menumquam
818 3514 1081 3606 magistratibus
1099 3512 1312 3605 quibusdam
1335 3534 1393 3583 res
1416 3513 1558 3605 collegii

433 3636 726 3710 administrandae
743 3641 1032 3723 committuntur,
1052 3649 1088 3708 et
1115 3637 1199 3708 ideo
1223 3637 1458 3707 instituuntur
1474 3660 1557 3729 gra·

435 3762 582 3833 risina
612 3785 760 3834 munera
784 3762 862 3858 (2),
891 3764 969 3856 ipsa
992 3761 1190 3855 respublica
1210 3761 1430 3854 sepissime,
1458 3762 1559 3834 nullu

434 3887 643 3982 interpositu
667 3890 894 3981 magistratu,
914 3886 1073 3981 ephebus
1098 3887 1208 3978 regit,
1232 3886 1319 3977 quid
1342 3887 1558 3979 pruleeerint

463 4115 1560 4182 uin-uffiuuesinerrmwzaewxmn»

431 4204 1059 4270 fficiumuhmindA’lLedLS.

467 4293 1562 4360 R'Vrthcpiddeqrbebnrebetgsmnas'nrelnscquenubusminisdisn-

427 4395 534 4458 flu.
