3492 5404
919 528 1080 596 ..56-

432 673 576 766 juvenis
604 669 765 766 ephebiae
794 678 931 764 tempus
961 669 1143 758 iterantis,
1176 669 1341 744 videmus
1373 666 1549 761 ephebum

437 801 576 891 Εὐτύχιν
591 795 692 889 quasi
709 788 869 870 dictanais
885 792 1108 886 designatum
1124 789 1198 889 (l');
1214 793 1312 886 quod
1326 813 1470 880 nomeu,
1489 789 1555 864 ctsi

438 920 581 992 aliunde
602 928 722 991 notum
749 928 822 1006 est,
852 938 1024 1010 nusquam
1044 917 1131 988 alias
1150 917 1326 1010 reperitur
1344 913 1554 1009 ephebicum

440 1065 567 1115 munus
586 1040 815 1134 significasse.
838 1041 929 1134 Ergo
947 1040 1041 1111 haud
1055 1041 1119 1114 abs
1135 1063 1173 1112 re
1190 1039 1257 1112 erit
1273 1059 1469 1112 memorare
1484 1057 1558 1110 ma·

441 1170 609 1262 gistratus
626 1166 798 1260 quosdam
823 1166 1071 1254 athenienses,
1102 1166 1226 1238 eodem
1249 1167 1322 1237 fere
1342 1164 1486 1238 nomine
1505 1161 1557 1232 in·

438 1293 556 1385 signes
578 1291 630 1390 (οἱ
648 1294 697 1361 ἐπὶ
716 1302 755 1388 τῇ
775 1285 964 1384 διοικήσει),
982 1311 1127 1364 munera
1149 1312 1213 1362 sua
1233 1290 1268 1362 in
1287 1288 1437 1381 collegio
1451 1286 1558 1358 attico

439 1417 657 1511 epheborum
674 1414 840 1486 habuisse
859 1410 933 1510 (1);
955 1436 1080 1509 nempe
1096 1415 1283 1510 pecuniam
1296 1413 1428 1486 dabant
1442 1423 1481 1483 ut
1495 1409 1557 1483 de·

439 1553 534 1612 creta
547 1539 717 1636 ephebica
732 1539 896 1611 marmori
915 1539 1210 1633 insculperentur,
1228 1550 1264 1612 et
1274 1560 1423 1613 coronas
1437 1558 1556 1610 emen·

439 1665 502 1738 das
528 1665 718 1752 curabant,
747 1664 877 1758 quibus
904 1664 1123 1738 ornabantur
1153 1665 1280 1758 ephebi
1314 1674 1349 1738 et
1383 1661 1555 1755 magistri.

437 1791 604 1885 prebiae
616 1800 734 1862 autem
748 1789 905 1861 moribus
918 1789 1021 1884 plane
1038 1800 1316 1864 consentaneum
1335 1798 1389 1863 est
1402 1791 1556 1880 juvenes

350 1973 353 1982 .
439 1916 534 2010 ipsos
548 1937 675 1986 munus
685 1914 829 2007 aliquod
842 1913 876 1984 iu
888 1914 1168 1988 administranda
1182 1914 1332 2009 pecunia
1344 1912 1458 2008 Cyzici
1470 1911 1556 1986 obti-

439 2040 572 2112 nuisse.
595 2039 802 2132 Quanquam
823 2039 860 2108 in
880 2039 989 2110 titulis
1011 2040 1140 2114 uostris
1159 2039 1355 2133 peregrinis
1381 2057 1553 2131 nusquam

439 2164 484 2236 de
503 2164 642 2258 collegii
660 2164 787 2238 aerario
812 2175 846 2235 et
865 2163 1024 2259 pecuniis
1051 2164 1184 2238 mentio
1203 2164 1293 2236 lacta
1312 2173 1384 2252 est,
1415 2173 1554 2248 tamen,

440 2291 604 2386 exemplo
624 2290 720 2361 attici
737 2289 875 2382 collegii
897 2290 994 2379 freti,
1016 2289 1188 2384 suspicari
1208 2289 1370 2362 valemus
1393 2285 1555 2381 ephebiae

438 2426 600 2509 sumptus
628 2416 752 2509 partim
778 2437 797 2486 a
822 2415 985 2502 civitate,
1017 2414 1143 2508 partim
1172 2414 1218 2485 ab
1248 2410 1473 2507 ephebarcho
1500 2411 1557 2483 vel

438 2539 732 2636 gymnasiarcho,
761 2539 886 2633 partim
904 2538 949 2610 ab
969 2538 1055 2632 ipsis
1077 2538 1224 2632 ephebis
1245 2539 1354 2610 inisse
1374 2537 1554 2610 toleratos.

437 2665 530 2738 Nihil
549 2686 633 2758 ergo
653 2666 767 2758 agitur
787 2664 965 2735 insolitum
986 2663 1016 2734 si
1041 2684 1131 2735 unus
1146 2685 1193 2736 ex
1208 2663 1358 2756 ephebis
1374 2662 1554 2755 deligitur,

441 2801 480 2861 ut
497 2790 671 2884 privatam
691 2788 852 2884 ephebiae
869 2788 1054 2882 pecuniam
1074 2797 1254 2860 exerceat.

488 2912 647 2986 Alterum
666 2935 811 3003 munus,
834 2907 976 2984 διαιῗέτοο
996 2912 1129 2984 scilicet
1145 2911 1213 3008 (3),
1232 2913 1378 2984 laconiae
1396 2910 1555 3005 ephebiae

439 3040 615 3134 peculiare
635 3039 743 3110 luisse
761 3049 925 3133 apparet,
946 3038 992 3109 de
1011 3039 1112 3130 cujus
1133 3051 1256 3108 natura
1275 3058 1469 3110 consensus
1486 3056 1555 3108 non

439 3164 550 3235 lactus
567 3175 620 3262 est
636 3161 695 3260 (1).
717 3163 755 3232 ln
770 3185 865 3233 cursu
883 3164 1042 3233 honorum
1059 3164 1249 3258 Σωσικράτου
1272 3156 1496 3258 Ἐπαφροδίτου
1511 3159 1555 3256 (5)

468 3367 502 3432 (1)
521 3365 683 3430 «Eutyches
697 3365 882 3418 intersodales
899 3379 975 3423 snos,
992 3368 1112 3430 quamvis
1131 3372 1157 3417 nt
1174 3367 1232 3431 ipse
1244 3368 1377 3430 ephebus,
1399 3379 1491 3416 curam
1505 3363 1555 3414 ali·

437 3469 515 3521 quam
530 3458 557 3506 in
571 3458 711 3522 gymnasio
725 3460 751 3505 et
769 3456 1024 3508 administrationem
1039 3460 1160 3521 gerebat,
1184 3459 1233 3508 sub
1247 3457 1410 3522 ephebnrcha
1425 3459 1451 3506 et
1464 3457 1552 3521 hype-

435 3547 584 3612 phebarcha
597 3545 810 3608 magistratibus,
833 3549 862 3593 ιιι
881 3547 948 3594 solet
967 3545 1172 3596 adolescentulis
1189 3547 1217 3596 in
1238 3547 1392 3604 societatem
1411 3544 1553 3608 quamlibet

437 3637 603 3699 congregatis
615 3635 702 3697 aliqua
714 3647 804 3684 rerum
817 3647 924 3684 suarum
936 3635 1206 3685 administrandarum
1220 3649 1280 3698 pars
1294 3634 1416 3697 relinqui.
1431 3653 1443 3680 ι
1459 3635 1559 3697 Corpus

437 3723 516 3774 inser.
529 3737 614 3786 preca,
630 3726 678 3773 sub
691 3731 720 3773 ιιο
735 3721 805 3773 3665.

470 3811 502 3876 (1)
561 3815 591 3863 τὸ
604 3813 630 3864 δὲ
643 3813 773 3877 γενόμενον
789 3813 908 3877 &baldac
922 3815 955 3871 εἰς
968 3815 1011 3874 τὴν
1027 3815 1117 3874 στήλην
1132 3813 1230 3882 μερίσαι
1246 3815 1302 3871 τοὺς
1315 3814 1356 3864 ἐπὶ
1374 3818 1403 3878 τῇ
1423 3812 1555 3873 διοικήσει.

438 3901 567 3959 Damont,
583 3907 602 3952 ι.
616 3901 655 3965 ΙΙ,
670 3918 696 3966 p.
715 3901 771 3962 136,
789 3903 804 3951 l.
823 3900 866 3962 33,
884 3901 922 3951 31.

468 3990 501 4056 (3)
520 3991 616 4056 Carpus
635 3992 714 4042 irum.
732 4003 815 4054 praa,
835 3998 874 4040 u⁰¹
890 3989 958 4050 1111,
977 3990 1047 4050 1111,
1065 3989 1134 4048 1113,
1150 3991 1218 4053 1173,
1235 3990 1303 4042 list.
1321 3989 1419 4042 bobas
1435 3993 1462 4042 et
1476 3988 1548 4042 Fun·

438 4086 508 4141 cart,
524 4089 554 4130 u⁰
568 4080 622 4133 111.

468 4169 501 4236 (1)
521 4169 620 4221 Boeclrh
637 4169 748 4234 (Corpus
761 4170 842 4220 iorcr.
858 4184 946 4233 proc,
963 4185 988 4234 p.
1001 4168 1056 4240 611,
1073 4175 1091 4220 ι.
1105 4169 1131 4234 Ι)
1147 4171 1283 4221 existimat
1295 4170 1340 4221 tali
1352 4171 1460 4223 nomine
1474 4181 1556 4234 gym-

438 4260 506 4310 nasii
516 4259 698 4324 magistratum
708 4259 849 4323 designari.
861 4258 976 4310 Obtlried
985 4258 1082 4310 Mdller
1093 4260 1199 4324 (Ddricr,
1211 4263 1232 4310 t.
1245 4259 1279 4320 Il,
1294 4275 1319 4324 p.
1333 4259 1381 4322 19),
1394 4261 1447 4310 hoc
1461 4268 1560 4308 munus

437 4349 572 4400 exstitisse
585 4349 703 4409 dubitat,
719 4350 816 4413 quippe
829 4348 899 4412 quod
913 4363 944 4399 co
959 4353 1076 4414 tempore
1091 4363 1144 4400 uno
1159 4354 1262 4400 tantum
1277 4350 1353 4400 titulo
1367 4353 1461 4400 uotum
1476 4349 1558 4400 esset.

469 4438 505 4504 (b)
521 4439 616 4504 Corpus
630 4440 813 4503 incoagrue,
827 4448 856 4488 n⁰
870 4437 940 4491 1111.
