3492 5404
846 1377 1089 1454 CONCLUSIO.

458 1748 551 1834 Quid
565 1772 612 1823 ex
631 1750 699 1822 illis
719 1751 899 1839 omnibus,
921 1771 1002 1844 quae
1017 1772 1124 1845 supra
1142 1752 1391 1848 disseruimus,
1412 1752 1531 1845 colligi

411 1850 544 1969 possit,
570 1898 663 1948 nunc
676 1877 834 1949 breviter
849 1877 1103 1949 concludamus
1124 1899 1269 1950 necesse
1291 1885 1357 1949 est.

460 2003 589 2095 Leges,
618 2002 863 2094 magistratus,
889 2003 1161 2075 exercitationes
1185 2002 1347 2097 ephebiae
1374 2003 1532 2096 singilla-

412 2108 472 2197 tim
499 2128 743 2221 exposuimus.
774 2129 900 2200 Notatu
929 2139 1044 2200 tamen
1070 2128 1216 2223 dignum
1240 2140 1385 2201 estnon
1411 2129 1535 2222 utique

410 2252 478 2324 sihi
493 2263 714 2326 constantem
735 2254 897 2348 ephebiae
914 2254 1024 2326 veluti
1042 2256 1165 2326 faciem
1187 2255 1362 2327 extitisse.
1381 2253 1482 2339 Quod
1502 2253 1533 2325 si

411 2377 548 2471 legibus
580 2399 714 2473 pauca,
745 2388 783 2449 ut
804 2379 927 2452 videre
954 2389 1025 2468 est,
1061 2379 1244 2451 hominum
1274 2380 1439 2452 voluntas
1470 2379 1532 2450 de·

411 2505 531 2591 traxit,
551 2525 621 2575 non
639 2503 731 2575 idern
746 2525 886 2598 semper
900 2505 1088 2578 valuerunt
1106 2505 1279 2593 instituta,
1298 2527 1448 2598 quorum
1465 2503 1533 2575 alia

411 2625 641 2699 diuturnitate
666 2637 863 2724 temporum
889 2630 1070 2716 obsoleta,
1100 2630 1168 2702 elia
1192 2651 1212 2701 a
1238 2631 1389 2724 pristina
1411 2631 1447 2702 vi
1472 2629 1535 2700 de-

413 2761 501 2824 torta
524 2753 632 2824 luisse
651 2763 809 2848 apparet.
841 2753 958 2838 Quare
983 2755 1149 2848 quamvis
1170 2755 1267 2827 nullo
1286 2755 1406 2850 populi
1431 2775 1535 2826 sena-

413 2886 514 2950 tnsve
540 2878 628 2951 scito
665 2888 795 2950 mutata
824 2880 916 2966 sint,
957 2891 1074 2952 tamen
1103 2879 1283 2952 delineare
1317 2880 1418 2952 nobis
1451 2879 1534 2950 licet

412 3002 521 3080 veluti
542 3003 719 3097 periodos,
743 3003 871 3097 quibus
891 3004 1123 3098 distinguitur
1143 3003 1305 3099 ephebiae
1321 2985 1483 3077 historia.

459 3127 657 3223 Principio,
690 3140 772 3201 ante
804 3130 1062 3201 macedonicam
1081 3138 1245 3218 aetatem,
1276 3153 1384 3223 quum
1403 3152 1529 3222 graecae

411 3252 572 3326 civitates
597 3253 744 3325 liberum
768 3256 869 3348 quasi
890 3255 1067 3348 ingenium
1091 3255 1245 3348 spirant,
1267 3277 1347 3326 curn
1366 3256 1448 3347 jure
1468 3278 1533 3351 pu·

411 3377 504 3449 blico
522 3377 701 3450 cohaerent
720 3380 905 3474 ephebicae
925 3379 1145 3474 disciplinae:
1167 3379 1378 3452 militaribus
1398 3380 1535 3452 exerci-

411 3504 603 3575 tationibus
623 3505 807 3598 indulgent
825 3505 955 3599 ephebi
973 3515 1011 3575 ut
1027 3505 1136 3576 armis
1154 3505 1303 3599 patriam
1319 3505 1533 3592 defendant3

413 3627 562 3699 militare
592 3628 778 3722 collegium
810 3629 997 3724 ephebiam
1032 3650 1112 3700 esse
1142 3650 1226 3700 vere
1254 3629 1364 3700 asseri
1400 3636 1533 3722 potest.

411 3749 563 3843 Collegia
588 3752 776 3844 Megaridis
801 3764 837 3824 et
863 3753 1029 3838 Boeotus,
1054 3775 1205 3848 quorum
1226 3753 1347 3825 titulos
1373 3774 1438 3824 suo
1458 3750 1537 3823 loco

412 3876 638 3949 commentati
661 3899 804 3967 sumus,
827 3879 984 3973 pristinae
1004 3877 1165 3972 ephebiae
1183 3897 1389 3972 expressam
1409 3875 1536 3968 imagi-

413 4019 493 4070 nem
524 3999 625 4072 nobis
655 4001 803 4073 reddere
831 4002 1011 4073 videntur.
1043 4000 1240 4073 Posteriore
1264 4010 1383 4072 autem
1410 4008 1534 4085 aetate,

412 4144 520 4218 quum
540 4123 675 4196 Graecia
703 4147 847 4198 romanu
868 4126 1048 4221 provincia
1070 4127 1159 4197 lacta
1179 4134 1254 4215 est,
1277 4134 1312 4195 et
1332 4123 1538 4195 dilabuntur

412 4245 552 4341 publica
573 4248 753 4339 instituta,
776 4251 812 4321 in
834 4251 977 4322 modum
997 4259 1032 4322 et
1054 4249 1208 4344 speciem
1228 4247 1403 4343 gymnasii
1426 4245 1537 4318 verti·

414 4379 470 4440 tur
501 4372 663 4468 ephebia.
698 4376 735 4447 ln
766 4386 861 4447 tantu
888 4376 982 4447 enim
1010 4395 1128 4446 rerum
1156 4373 1374 4468 publicarum
1400 4370 1538 4464 exigui·
