3492 5404
906 557 948 576 ...
968 519 1008 588 68
1028 557 1067 574 .-

428 659 518 737 vidit
541 681 650 756 prope
674 669 810 756 portum
839 659 968 732 dictam
994 659 1228 754 Nymphodoro
1249 655 1324 755 (i);
1352 655 1547 738 verisimile

427 795 482 859 eat
511 796 629 858 autem
660 785 835 858 recentius
866 785 1023 880 ephebos
1049 785 1118 859 sibi
1147 784 1371 875 vindicasse,
1403 785 1439 856 in
1470 807 1543 878 quo

428 920 695 1002 exercerentur3
717 932 844 1006 nempe
862 933 905 983 eo
924 911 1025 1001 loco,
1048 910 1108 982 nbi
1126 910 1349 1005 gymnasium
1365 909 1546 982 exstitisse

427 1037 668 1124 existimatur,
689 1036 818 1130 reperti
838 1047 920 1108 sunt
939 1037 1030 1108 titnii
1050 1035 1211 1130 ephebioi
1235 1056 1476 1127 megarenses.
1496 1035 1546 1106 De

429 1163 629 1251 Plutonis-to,
651 1183 722 1255 quo
741 1161 1000 1233 conveniebant
1019 1160 1147 1256 ephebi
1168 1161 1328 1249 lacones,
1346 1161 1420 1252 jam
1437 1181 1546 1254 snpra

427 1285 584 1357 diximus
600 1283 668 1383 (2).
694 1285 857 1378 Magnum
881 1285 975 1358 enim
991 1287 1150 1380 'spatium
1170 1285 1260 1374 init,
1294 1285 1452 1379 undique
1472 1285 1546 1379 pia-

427 1411 519 1483 tanis
535 1422 674 1506 septum
685 1465 695 1500 ,
716 1421 753 1482 et
771 1411 863 1483 fossa
881 1410 1160 1501 circumdatum,
1183 1411 1228 1481 ad
1249 1410 1346 1504 quod
1367 1432 1430 1504 per
1444 1411 1546 1483 binos

427 1545 551 1630 pontes
569 1536 687 1608 aditus
701 1534 825 1626 tiebat3
848 1545 973 1631 pontes
991 1546 1109 1608 autem
1131 1536 1295 1608 exornati
1316 1544 1416 1608 erunt
1431 1535 1542 1629 signis

426 1659 585 1734 Herculis
603 1672 639 1733 et
657 1661 825 1757 Lycurgi,
847 1662 979 1756 qnippe
995 1662 1055 1755 qni
1074 1661 1177 1755 primi
1196 1661 1364 1734 laconicae
1381 1661 1544 1755 ephebiae

426 1782 522 1875 leges
538 1795 574 1856 et
601 1786 805 1880 disciplinas
829 1785 1108 1857 constituissent.
1138 1787 1311 1858 Praeterea
1328 1786 1404 1857 Chii
1422 1786 1545 1858 titulus

426 1911 648 2005 gymnasium
683 1921 955 2002 commemorat,
994 1911 1118 2005 patrii,
1159 1921 1198 1983 ut
1230 1909 1324 1983 Chiis
1361 1910 1543 2006 placebat,

426 2047 541 2129 poetae
552 2037 694 2112 nomine
709 2036 928 2127 decoratum,
943 2037 1076 2108 dictum
1092 2036 1225 2108 scilicet
1236 2037 1459 2110 Homeraeum
1471 2034 1542 2134 (3).

474 2161 524 2233 De
550 2162 636 2257 ipsis
663 2161 890 2257 gymnasticis
918 2161 1230 2234 exercitationibus
1251 2162 1394 2233 abunde
1417 2183 1543 2235 reeen-

429 2287 535 2360 tiores
551 2287 796 2360 disseruerunt
815 2284 887 2384 (h);
918 2309 1034 2381 neque
1054 2286 1156 2360 nobis
1178 2286 1214 2359 in
1232 2287 1350 2359 animo
1370 2298 1424 2360 est
1444 2287 1542 2360 tritas

423 2413 496 2504 jam
520 2412 594 2485 vias
621 2412 766 2504 iterare;
794 2435 905 2507 quare
930 2413 997 2486 hoc
1016 2423 1151 2485 tantum
1176 2413 1420 2504 attendemus,
1447 2414 1545 2508 qnod

428 2558 508 2609 com
528 2536 688 2632 ephebiae
708 2539 875 2610 institutis
898 2540 1075 2632 congruit.

474 2661 646 2735 Aoourate
675 2663 865 2758 dispositos
895 2673 949 2735 est
974 2663 1269 2738 exercitationum
1299 2667 1408 2758 ordo,
1440 2686 1545 2760 quem

427 2788 601 2883 subinde,
622 2810 643 2861 e
662 2789 764 2862 titolo
781 2789 861 2861 ebio
880 2787 935 2886 (5)
954 2800 1130 2863 notamus.

817 2987 944 3094 δόλιχος

816 3119 942 3196 στάδιον

458 3430 493 3501 (ί)
511 3469 536 3488 ..ι
553 3451 565 3480 ιι
580 3435 648 3488 Ἐστι
661 3436 689 3486 δι
703 3435 776 3500 ἐντῷ
792 3435 920 3502 γυμνασίῳ
932 3436 968 3501 τῷ
982 3434 1077 3503 ιίρχαίῳ
1089 3433 1193 3498 πλησίον
1206 3438 1290 3488 πυλῶν
1303 3437 1459 3500 αοιλουμίνων
1478 3437 1545 3500 Nup-

426 3526 507 3590 φάδων
522 3526 640 3584 λίθος...»
655 3523 813 3588 Pausanias,
828 3523 854 3586 1,
867 3539 892 3576 e.
905 3524 946 3583 ih.
961 3526 985 3576 λ.

459 3614 493 3680 (ἳ)
555 3635 568 3660 ο
581 3616 629 3666 Καὶ
647 3615 735 3681 χωρίον
750 3617 923 3674 Πλατανιστᾶς
938 3617 1021 3676 ἐστιν,
1044 3617 1093 3666 ἀπὸ
1107 3621 1156 3667 τῶν
1170 3616 1291 3682 δένδρων,
1308 3616 1334 3668 αἳ
1353 3617 1382 3678 δὴ
1400 3617 1492 3684 ὑψηλοὶ
1504 3615 1547 3666 καὶ

426 3709 536 3770 συνεχεῖς
547 3705 604 3771 περὶ
618 3705 678 3757 αὐτὸ
692 3705 717 3756 αί
730 3705 852 3757 πλάτανοι
869 3706 1012 3769 πεφύκασιν.
1026 3724 1038 3749 ν
1053 3703 1212 3767 Pausanias,
1227 3705 1284 3765 ΙΙΙ,
1301 3707 1344 3769 tt,
1364 3707 1388 3758 8.

457 3793 492 3859 (3)
509 3794 605 3858 Corpus
619 3794 698 3845 ιἰιιος.
710 3807 794 3858 proc..
807 3802 836 3845 n⁰
847 3793 925 3852 2221,
945 3795 962 3845 l.
978 3793 1018 3846 10.
1034 3793 1066 3844 Iu
1080 3797 1144 3846 urbe
1158 3796 1230 3846 caria
1243 3794 1450 3861 Aphrodisiade,
1468 3806 1546 3859 gym-

426 3884 531 3934 nasium
546 3885 750 3948 comperimnsa
764 3885 823 3936 viro
838 3884 952 3950 quodam
968 3885 1144 3936 instauratum
1153 3907 1192 3946 ;...
1213 3887 1259 3951 qni
1278 3885 1384 3938 restitui
1403 3883 1508 3936 curavit
1521 3884 1546 3934 tv

426 3978 462 4038 τῷ
482 3974 631 4039 Διογενιανῷ
652 3975 781 4041 γυμνασίῳ
801 3975 844 4026 τὸν
867 3974 995 4040 βασιλικὸν
1017 3971 1122 4038 [aimuh
1146 3973 1189 4034 τὰς
1211 3975 1329 4035 ἐισόδους.
1355 3975 1452 4039 Corpus
1465 3972 1545 4030 inter.

425 4075 509 4126 prae,
523 4071 553 4112 n·
567 4061 637 4113 2782.

457 4151 491 4218 (i)
508 4149 577 4203 Vide
590 4150 706 4213 Kranae,
723 4153 873 4218 Gymnasta'it
887 4154 943 4205 uod
956 4152 1091 4217 samarit
1104 4153 1149 4206 dtr
1160 4153 1290 4209 aethera.

457 4241 491 4307 (b)
505 4244 602 4308 corpur
615 4243 695 4293 inser.
710 4257 798 4306 proc..
813 4253 843 4293 n⁰
857 4243 928 4295 tart.
943 4241 1040 4296 Confer
1053 4244 1133 4296 etiarn
1149 4245 1256 4297 titutum
1269 4245 1397 4309 samium,
1418 4243 1464 4296 nbi
1480 4253 1546 4309 prae·

426 4334 467 4382 tar
479 4332 670 4396 hoplomaohiae
683 4333 886 4383 exercitationes
900 4336 1080 4384 memorantur
1096 4334 1183 4384 solum
1200 4333 1295 4402 δόλιχος
1316 4339 1344 4387 at
1359 4335 1470 4388 στάδιον.
1491 4334 1546 4386 10-

425 4421 591 4498 ectabsra'chta
602 4423 647 4475 der
659 4422 683 4474 h.
697 4423 900 4488 praematuri..
916 4427 984 4486 ato..
998 4435 1032 4474 aa
1049 4421 1147 4496 Baths,
1166 4421 1233 4478 1859.
