3492 5404
684 521 844 588 ...31-

205 659 285 753 logo
304 660 547 754 designantur.
560 660 731 732 Tributim
745 659 850 732 divisi
864 668 968 746 sunt,
986 659 1080 755 q‘uod
1097 681 1321 755 nequaquam

204 806 284 856 cnm
305 784 465 878 ephebiae
485 784 642 855 moribus
663 786 846 876 congruit3
875 806 1000 878 nempe
1020 784 1236 878 epheborum
1256 807 1320 858 no·

207 911 301 980 minu
317 911 394 980 sine
410 910 481 980 ulla
494 908 671 981 divisione
684 909 924 982 inscribuntur
939 910 1006 1003 (l).
1025 913 1189 1007 Τριτίρενες
1205 920 1321 982 autem

201 1038 354 1129 juvenes
372 1037 397 1106 ii
417 1047 516 1122 sunt,
532 1037 591 1130 qui
612 1039 752 1107 tertium
767 1037 840 1128 jum
861 1057 992 1106 aunum
1012 1036 1166 1136 degum,
1185 1058 1230 1108 ex
1250 1058 1323 1131 quo

207 1163 252 1233 ab
267 1161 417 1257 ephebia
434 1161 470 1232 in
487 1161 635 1234 classem
652 1171 859 1255 sequentem
876 1161 1111 1250 transierunt,
1128 1161 1261 1233 scilicet
1278 1182 1324 1234 ex
1396 1220 1399 1226 .

207 1308 279 1380 quo
305 1287 409 1383 εἴρενες
435 1287 515 1357 lacti
539 1298 635 1358 sunt.
669 1286 876 1358 Plutarchus
896 1307 960 1358 nos
981 1295 1100 1358 monet
1116 1306 1178 1358 eos
1199 1286 1324 1380 uiginti

208 1432 320 1484 annos
340 1433 418 1483 esse
438 1423 538 1484 natos
561 1409 635 1507 (ll);
665 1423 821 1484 ceterum
846 1434 892 1483 ex
916 1412 985 1483 olio
1011 1411 1212 1484 testimonio
1234 1433 1326 1483 com·

212 1537 367 1630 perimus
391 1541 543 1628 juvenes
571 1538 676 1629 hujus
702 1537 824 1609 classis
845 1537 880 1607 in
907 1558 1024 1631 pugna
1052 1537 1145 1631 apud
1180 1537 1326 1608 Plataeas

208 1681 305 1731 arma
325 1660 477 1752 gessisse
496 1658 564 1756 (3).
587 1661 674 1733 lude
694 1682 763 1732 non
781 1659 935 1732 alienum
953 1661 1020 1732 erit
1038 1681 1057 1732 a
1076 1660 1226 1732 veritate
1245 1681 1323 1731 sus·

211 1785 318 1878 picari
333 1785 500 1876 juvenes,
519 1786 615 1879 quod
633 1786 678 1856 ud
699 1786 821 1858 urbem
841 1785 1028 1858 Thouriom
1049 1795 1203 1880 spectat,
1225 1785 1327 1878 uige-

212 1910 302 2008 simo
321 1931 415 1982 anno
444 1932 489 1982 ex
511 1910 661 2005 ephebia
684 1910 901 2000 decessisse3
930 1921 1060 2006 praesto
1083 1921 1166 1982 sunt
1187 1930 1329 2005 quoque

212 2035 305 2106 tituli
329 2036 500 2108 Lebadeae
527 2036 679 2130 reperti,
705 2035 766 2130 qui
786 2034 949 2107 eumdem
978 2057 1111 2108 morem
1135 2036 1171 2106 in
1200 2035 1329 2106 ceteris

211 2161 356 2233 Boeotiae
375 2161 577 2232 civitatibus
598 2161 791 2233 invaluisse
810 2159 1019 2234 confirment
1038 2159 1107 2257 (l).
1136 2160 1187 2232 lbi
1207 2160 1325 2248 eninr,
1360 2215 1364 2224 .

212 2286 339 2379 ephebi
361 2299 534 2357 exeuntes
554 2285 795 2357 inscribuntur
815 2286 906 2356 inter
925 2285 1163 2372 ΡικατιῈέτιες,
1195 2283 1329 2356 scilicet

212 2410 305 2482 inter
317 2411 469 2503 juvenes
489 2411 616 2504 viginti
635 2431 747 2486 annos
768 2419 881 2484 natos.
900 2410 1011 2503 Ergo,
1031 2409 1200 2482 vicesimo
1218 2429 1326 2498 anno,

209 2536 372 2628 juvenis,
391 2547 533 2630 peracto
553 2535 714 2629 ephebiae
733 2547 909 2629 tempore,
930 2535 1042 2607 ciuica
1058 2535 1139 2628 jura
1160 2542 1326 2628 usurpat3

212 2672 248 2732 et
266 2661 415 2754 primum
438 2669 492 2732 est
511 2661 660 2755 inceptae
677 2660 829 2755 publicae
848 2659 934 2732 uitae
954 2659 1192 2733 testimonium
1203 2712 1214 2749 ‚
1233 2656 1330 2753 qnod

213 2785 248 2856 in
271 2785 408 2856 tabulas
429 2785 598 2856 militares
618 2807 747 2857 nomen
767 2786 844 2877 ejus
864 2795 1044 2856 exaratur.
1129 2795 1131 2800 ’

260 2911 294 2981 Si
311 2909 512 3005 supradicta
527 2910 572 2981 de
587 2909 748 3004 ephebiae
763 2909 1026 2982 conditionibus
1041 2917 1242 3003 repetamus
1256 2904 1327 3002 (6),

213 3036 313 3108 facila
344 3036 411 3108 erit
440 3035 651 3107 concludere
682 3035 857 3129 ephebum
893 3035 928 3106 in
960 3034 1110 3127 collegio
1146 3032 1330 3105 biennium

213 3161 396 3234 mansisse.
421 3160 486 3231 Per
508 3159 697 3231 trienninm
720 3159 824 3230 etiam
846 3159 1052 3252 producitur
1074 3177 1328 3251 nonnunquam

213 3285 373 3380 ephebiae
393 3295 552 3379 tempus,
580 3285 677 3378 quod
701 3294 838 3356 constat
862 3306 908 3355 ex
934 3283 1063 3376 insigni
1083 3283 1184 3354 titulo
1204 3281 1329 3354 insulae

212 3410 287 3481 Chii
318 3411 386 3503 (6).
417 3409 552 3504 Ephehi
585 3411 702 3498 enim,
738 3431 801 3504 pro
828 3412 1001 3502 cujusque
1027 3418 1154 3499 aetate,
1191 3408 1227 3478 in
1260 3417 1331 3479 tres

244 3643 279 3708 (l)
295 3640 364 3693 Vide
375 3642 411 3692 Le
426 3639 490 3700 Bas,
508 3649 537 3689 n⁰
551 3637 607 3690 tot.

244 3731 278 3795 (ἳ)
288 3752 300 3777 «
311 3733 412 3797 Εἶρενας
422 3732 449 3781 δὲ
460 3732 564 3780 καλοῦσι
576 3729 632 3786 τοὺς
642 3727 695 3785 lunc
706 3728 752 3788 ἤδη
763 3727 877 3794 δεύτερον
889 3728 917 3777 ἐκ
926 3726 1019 3777 παίδων
1029 3728 1169 3791 γεγονότας,
1183 3726 1334 3790 μελλείρενας

212 3822 239 3873 δὲ
252 3828 301 3872 τῶν
316 3821 410 3871 παίδων
425 3820 481 3877 τοὺς
494 3817 688 3884 possessarum.
700 3816 779 3874 Οὗτος
791 3815 833 3866 οὖν
847 3816 860 3865 ὁ
874 3815 939 3882 εῐρην
955 3815 1031 3866 εἰκοσι
1043 3815 1085 3874 tm
1097 3813 1247 3879 γεγονώς...»
1261 3809 1333 3876 (vito
1431 3824 1435 3832 “

212 3907 457 4060 Lylhllffilohblus,
472 3991 528 4050 IX,
543 3991 584 4042 86.
600 3990 651 4053 Qui
664 3991 751 4055 primo
765 4003 835 4042 anno
848 3997 909 4055 post
921 3989 1039 4054 ephebiae
1051 3988 1167 4046 exitum,
1180 3985 1335 4036 dicebantur

213 4089 358 4152 πρωτεῖραι.
383 4081 452 4134 Vide
474 4081 603 4144 Photius,
627 4081 760 4141 Lemnon,
782 4095 808 4144 p.
833 4079 892 4140 140,
913 4078 941 4129 tl
958 4097 964 4127 z
981 4096 995 4124 a
1007 4080 1030 4128 ot
1046 4077 1103 4142 περὶ
1116 4077 1194 4127 slsum
1211 4076 1253 4136 lun
1266 4074 1334 4141 παρὰ

316 4207 323 4222 .
338 4189 353 4218 D

212 4173 369 4328 Awolleil,
386 4259 486 4324 Spttopa
498 4260 579 4310 incer.
593 4259 759 4310 boeticorum
775 4260 803 4308 et
814 4258 867 4308 Zur
879 4254 979 4320 spinae
991 4255 1072 4305 lnam.
1085 4251 1183 4306 bootis.
1194 4287 1202 4316 ,
1213 4265 1240 4332 p.
1250 4250 1295 4302 550
1306 4251 1332 4314 b,

246 4350 279 4414 (5)
296 4348 365 4401 Vide
377 4352 457 4413 ceput
471 4348 498 4406 1,
514 4346 527 4413 fl
544 4346 565 4398 l.

244 4437 279 4506 (6)
296 4439 393 4504 corpus
403 4439 482 4490 inter.
495 4449 580 4501 proc,
595 4443 625 4486 ιιο
639 4434 709 4510 llll,
