3492 5404
913 489 1072 554 -54-

437 639 562 702 melam
593 627 736 702 eosdem
765 629 873 702 luisse
904 629 1137 723 assequimur.
1172 630 1242 700 Nec
1267 630 1396 702 desunt
1416 629 1550 704 iudices

435 777 497 828 cur
517 777 589 826 rem
610 777 630 827 a
650 756 799 828 veritate
819 755 913 825 baud
940 755 987 825 ita
1006 755 1205 848 discrepare
1225 765 1401 850 putemus.
1431 756 1469 826 ln
1493 777 1549 827 ca·

435 880 561 974 talogis
581 880 673 952 enim
695 880 888 974 ephebicis,
910 881 1073 952 eumdem
1095 881 1208 952 locum
1230 881 1365 952 obtinet
1383 881 1553 976 epbebar·

434 1007 522 1082 chus
541 1017 647 1100 atque
666 1016 821 1078 cosmeta
844 1007 877 1076 in
897 1007 1012 1077 atticis
1033 1006 1208 1100 lapidibus
1227 1004 1295 1102 (l).
1319 1007 1455 1079 Deinde
1471 1008 1551 1102 qus
1586 1073 1591 1081 .

434 1153 505 1204 nnn
536 1131 686 1201 latentur
716 1131 937 1224 peregrinam
966 1131 1150 1200 lormulam
1174 1157 1190 1196 u
1212 1126 1352 1210 ἀνέταὶεν
1382 1133 1451 1210 τοὺς
1478 1135 1552 1226 ἔφη’-

435 1252 523 1346 boue,
542 1283 560 1324 u
580 1277 658 1328 cum
680 1255 783 1326 ablica
805 1281 821 1322 <r
843 1265 858 1324 ri
878 1259 1081 1351 κοσμητὴς...
1102 1257 1172 1335 τοὺς
1192 1251 1411 1350 &pededentim
1429 1257 1553 1352 ἀνέγρα-

434 1379 487 1475 ψεν
505 1407 522 1450 u
541 1381 685 1454 omnino
700 1381 918 1473 congruere?
939 1378 1040 1463 Quod
1060 1381 1089 1451 si
1113 1378 1189 1451 haec
1214 1391 1331 1452 nostra
1351 1381 1471 1474 opinio
1489 1402 1551 1453 ve-

434 1507 580 1578 risimile
598 1507 732 1601 aliquid
752 1529 772 1578 e
793 1516 842 1578 tot
860 1504 996 1577 collatis
1016 1505 1233 1598 argumentis
1252 1505 1319 1576 sibi
1341 1506 1549 1594 detraxerit,

433 1631 529 1704 baurl
546 1632 644 1727 parvi
664 1632 830 1704 momenti
848 1633 914 1702 erit
933 1632 1046 1703 locum
1062 1631 1251 1726 quemdam
1269 1653 1385 1702 rerum
1408 1631 1552 1725 ephebi·

434 1765 553 1829 carum
571 1757 675 1851 paulo
692 1756 931 1829 obscuriorem
950 1775 1041 1828 nova
1061 1756 1349 1850 interpretatione
1364 1756 1546 1827 illustrari.

483 1879 617 1953 Titulus
636 1877 848 1978 ὑπεφήὸαρχος
870 1881 978 1952 semel
1001 1881 1104 1953 modo
1125 1882 1276 1952 occurrit
1302 1879 1362 1977 (2).
1391 1878 1469 1965 Quo
1491 1881 1551 1974 qui

434 2016 578 2081 ornatus
597 2017 672 2096 est,
707 2007 808 2101 quasi
842 2007 949 2078 irater
979 2005 1190 2101 epbebarohi
1221 2007 1439 2098 designatur.
1472 2005 1550 2078 Non

433 2131 497 2205 abs
519 2154 557 2204 re
577 2132 731 2204 alienum
754 2132 895 2204 videtur
921 2131 1203 2204 animadvertere
1231 2132 1384 2205 bonores
1411 2141 1446 2204 et
1477 2153 1551 2204 ma·

434 2258 601 2352 gistratus
615 2258 803 2354 gymnasii,
821 2280 977 2330 romanae
993 2257 1242 2330 dominationis
1260 2267 1437 2352 ternpore,
1457 2258 1551 2332 inter

434 2383 593 2474 ejusdem
623 2383 763 2454 lamiliae
795 2383 891 2454 viros
920 2382 1027 2454 luisse
1059 2382 1215 2476 partitos.
1250 2382 1285 2453 Si
1313 2402 1420 2476 supra
1449 2381 1551 2454 dictis

435 2507 651 2593 assentiaris,
670 2507 986 2602 bypepbebarohus
1001 2507 1116 2578 simile
1132 2529 1258 2579 munus
1272 2517 1380 2600 atque
1397 2507 1431 2576 in
1445 2506 1550 2579 attica

436 2631 585 2726 ephebia
604 2632 832 2704 anticosmeta
844 2633 1004 2704 exercuit
1021 2629 1075 2728 (3)
1089 2659 1097 2702 :
1111 2633 1253 2727 praesidi
1271 2655 1396 2727 nempe
1412 2633 1552 2725 collegii

434 2758 641 2849 adjunctus,
670 2757 705 2828 in
724 2767 857 2852 partem
878 2757 1072 2831 officiorum
1099 2759 1175 2850 ejus
1200 2758 1320 2848 venit,
1354 2780 1490 2830 necnon
1516 2768 1552 2830 et

435 2881 578 2953 laudum
599 2883 635 2953 iu
660 2882 921 2977 eplrebarclrum
941 2899 1186 2977 congestarum
1219 2883 1351 2976 aliquid
1380 2882 1447 2954 sibi
1474 2883 1551 2954 vin·

435 3003 541 3077 dicat.
580 3006 681 3090 Quod
708 3004 861 3078 cilicium
889 3006 1009 3102 primis
1037 3007 1197 3103 epheblae
1227 3005 1443 3102 temporibus
1481 3028 1550 3079 non

309 3203 321 3224 ,
435 3131 613 3204 exstitisse
644 3132 863 3224 judicamus3
900 3154 1042 3205 romana
1071 3143 1188 3204 aulem
1222 3142 1326 3204 aetate
1363 3153 1472 3224 quum
1506 3130 1552 3202 ad

437 3276 549 3330 novos
568 3257 721 3329 bonores
742 3258 976 3330 instituendos
997 3258 1107 3329 Graeci
1130 3258 1336 3328 industriam
1358 3266 1548 3345 exercent,

436 3381 569 3476 duplex
588 3381 745 3454 elliciunt
763 3405 938 3454 summum
959 3382 1119 3476 ephebiae
1140 3404 1289 3471 munus,
1318 3402 1389 3475 quo
1414 3381 1550 3453 facilius

435 3506 531 3580 viros
551 3508 681 3579 lamilia
702 3508 938 3581 nobilissimos
959 3528 1050 3581 nova
1068 3508 1240 3600 dignitate
1259 3507 1438 3580 decorent.

483 3633 583 3704 Nunc
603 3643 710 3704 totam
731 3633 804 3704 iere
827 3634 1071 3726 magistrorum
1093 3644 1128 3704 et
1154 3609 1393 3705 ministrorum
1419 3633 1548 3705 seriem

437 3767 610 3829 tenemus,
631 3755 765 3840 Quibus
787 3758 917 3852 ubique
941 3759 1104 3830 videmos
1129 3759 1312 3852 praefuisse
1338 3757 1546 3852 praesidem,

435 3903 573 3955 summo
606 3904 752 3955 munere
779 3893 962 3974 ornatum,
996 3883 1168 3978 quivere
1201 3884 1405 3980 reipublicae
1441 3883 1550 3977 ipsius

466 4135 502 4200 (l)
522 4131 587 4187 Vide
599 4136 730 4196 Dumont,
746 4137 820 4196 t.11.
836 4147 874 4189 n⁰¹
890 4137 1004 4190 XLVIII
1019 4138 1055 4198 A,
1070 4137 1143 4203 LVI,
1159 4139 1233 4201 LIX,
1250 4147 1302 4193 etc.

466 4224 502 4292 (l)
515 4224 642 4289 Cyztcus‚
660 4229 756 4292 Corpus
768 4229 848 4279 inser.
861 4243 950 4292 proc,
971 4237 1000 4279 n⁰
1014 4229 1085 4280 3665.
1147 4235 1152 4244 “

466 4313 501 4379 (3)
515 4313 565 4377 Qul
579 4317 748 4380 magistratus
758 4319 873 4382 primum
883 4318 1056 4383 hypocnsmcto
1065 4319 1170 4381 dicitur,
1183 4335 1217 4371 ex
1226 4335 1279 4384 qno
1288 4323 1416 4385 majorem
1425 4319 1506 4370 ellam
1517 4317 1550 4369 sl·

436 4404 612 4458 militudinem
621 4420 682 4458 cum
690 4407 782 4458 eodem
794 4421 904 4458 munere
911 4407 940 4458 in
949 4409 1058 4472 ephebIa
1069 4409 1207 4475 peregrlna
1218 4412 1354 4463 exstillese
1363 4409 1551 4476 comperimus,
