3492 5404
723 519 883 581 ..29-

295 655 330 726 40
348 656 564 748 Pergamus:
591 659 620 725 οἱ
640 659 815 752 emptore
837 654 945 751 ἕφηὸοι
974 657 1085 749 (Vide
1103 657 1261 752 Curtius,
1283 662 1360 733 Bei-

243 791 341 873 troeqe
363 803 425 852 zur
443 779 628 851 Gescbicbte
651 781 720 850 aad
743 781 963 874 Topoqrapbr'e
982 783 1183 855 Kbincsians
1194 838 1206 875 ‚
1228 807 1264 880 p.
1289 785 1356 876 63,

243 906 361 978 tabula
380 904 475 1002 Vll).

292 1032 325 1102 5.
354 1032 463 1104 Icaria
486 1031 600 1102 insula
628 1056 635 1101 :
665 1036 694 1102 οἱ
723 1035 902 1127 coaptem
928 1034 968 1113 εἰς
991 1037 1061 1114 τοὺς
1091 1031 1217 1129 &pudone
1246 1035 1361 1128 (Vide

241 1158 502 1252 Appendicem,
524 1168 562 1228 n⁰
585 1155 634 1248 2).

289 1283 367 1367 Quo
386 1293 505 1354 autem
525 1283 631 1354 modo
652 1292 885 1375 perageretur
903 1283 981 1355 haec
996 1279 1183 1380 δοκιμασία,
1204 1308 1225 1357 e
1243 1287 1361 1361 titulo·

242 1431 318 1479 rum
341 1409 598 1501 megarensium
620 1407 823 1480 testimonio
843 1410 1099 1503 comperimus3
1129 1432 1246 1505 neque
1263 1434 1284 1483 a
1301 1435 1362 1486 ve·

241 1535 343 1604 ritate
366 1533 558 1604 abhorrere
576 1531 752 1621 videmur,
772 1533 802 1606 si
822 1534 986 1605 eumdem
1006 1555 1140 1605 morem
1157 1536 1193 1606 in
1209 1535 1362 1608 eivitati-

241 1659 309 1730 bus
340 1659 552 1752 supradictis
582 1658 777 1730 invaluisse
798 1658 1011 1749 judicemus.
1048 1659 1231 1749 Tribunal,
1264 1662 1361 1754 quod

238 1783 391 1874 juvenes
410 1782 446 1851 in
463 1782 653 1876 ephebicas
673 1782 812 1853 tabutas
832 1781 977 1854 inscribi
996 1785 1159 1874 curabat,
1178 1805 1225 1855 ex
1248 1785 1360 1855 tribus

242 1907 351 1997 viris,
372 1907 524 2000 Megarae
543 1908 667 1978 saitem
678 1961 689 1996 ,
708 1907 908 1979 constitisse
924 1919 1069 2002 apparet
1088 1910 1157 2002 (i).
1178 1909 1245 1992 Qui
1263 1938 1360 2006 γραμ-

247 2037 357 2128 ματεὺς
377 2044 440 2102 τῶν
461 2027 604 2128 συνέδρων
623 2043 787 2122 vocatur,
807 2033 920 2103 scriba
939 2044 992 2104 est
1010 2034 1166 2123 oonsilii;
1188 2033 1246 2106 hic
1265 2034 1359 2105 enim

242 2157 411 2229 nonnulla
439 2155 554 2227 officia
582 2156 756 2227 retinebat
780 2179 825 2227 ex
853 2157 895 2227 iis
914 2177 994 2250 quac
1017 2156 1195 2249 qnondam
1215 2156 1361 2248 gerebat
1404 2185 1409 2196 ·

242 2281 356 2352 scriba
373 2281 494 2376 populi
511 2289 546 2351 et
563 2291 706 2351 senatus
720 2278 936 2376 (γραμματεὺς
954 2292 1010 2349 τοῦ
1028 2275 1128 2374 δήμου
1144 2282 1196 2349 καὶ
1214 2290 1270 2360 τῆς
1289 2285 1357 2368 βου·

241 2406 338 2504 λῆς);
356 2407 416 2500 qui
435 2407 660 2499 magistratus
674 2407 823 2479 fortunae
841 2405 979 2477 vicibus
994 2405 1173 2478 obsoletus
1189 2407 1355 2500 perierat.

241 2530 340 2604 Alius
360 2531 470 2603 veluti
491 2527 639 2610 δικαστής
658 2530 926 2618 denominatur,
953 2530 1119 2602 videlicet
1133 2531 1260 2622 judex.
1279 2530 1359 2602 Ter-

243 2657 310 2728 tius
331 2657 396 2726 iuit
423 2655 740 2750 gymnasiarchus,·
757 2656 817 2748 qui
838 2656 1059 2750 gymnasium
1079 2656 1211 2727 dictum
1234 2656 1358 2749 Olym·

235 2781 344 2872 pieton
369 2781 514 2872 regebat
536 2777 606 2874 (2).
635 2779 932 2875 Gymnasiarchus
955 2791 1094 2871 autem,
1120 2780 1277 2852 muneris
1300 2779 1356 2851 sui

241 2926 366 2993 cansa,
384 2914 479 2976 certe
495 2905 680 2975 tribunalis
694 2927 825 2999 praeses
840 2905 991 2993 exstitit3
1011 2904 1106 2998 quod
1120 2905 1356 2999 comperimus

240 3050 286 3100 ex
304 3029 415 3101 altero
434 3029 534 3101 titulo
551 3025 621 3123 (3),
637 3049 708 3122 quo
728 3029 855 3122 ephebi
876 3028 1167 3123 gymnasiarcho,
1188 3039 1356 3122 tanquam

240 3154 450 3244 gravissimo
469 3165 504 3224 et
522 3154 746 3224 ornatissimo
762 3153 943 3244 judicum,
972 3162 1123 3223 statuam
1144 3154 1353 3225 decernunt.

288 3277 405 3349 Civica
432 3278 708 3350 adolescentium
734 3278 814 3368 jura
842 3277 1064 3369 Megarenses
1091 3277 1355 3349 accuratissime

240 3404 446 3495 pensavisse
464 3403 647 3492 videntur;
670 3413 767 3474 etex
787 3401 1033 3474 historicorum
1054 3402 1152 3473 libris
1171 3400 1279 3486 multa
1294 3413 1357 3472 aut

239 3527 331 3598 dicta
346 3538 407 3598 ant
421 3529 511 3599 sacta
528 3528 736 3621 depromere
755 3527 854 3616 licet,
876 3549 956 3620 quae
973 3548 1034 3599 eos
1047 3528 1127 3618 jura
1147 3547 1210 3598 sua
1226 3526 1354 3598 acriter

239 3672 379 3745 semper
397 3651 599 3722 defendisse
618 3649 846 3739 confirmant3
871 3651 967 3744 quod
987 3673 1096 3744 quum
1121 3651 1184 3720 abs
1203 3671 1243 3721 re
1268 3649 1353 3721 atie·
1461 3640 1464 3649 ’

240 3798 323 3846 num
350 3777 417 3865 sit,
448 3796 749 3870 supervacaneum
781 3775 847 3846 erit
876 3770 1081 3869 explanare.
1113 3773 1205 3846 Aliae
1237 3785 1354 3845 tamen

241 3902 381 3972 fuerunt
398 3902 572 3989 civitates,
587 3921 667 3993 qnae
681 3914 743 3970 aut
753 3901 905 3991 juvenes
917 3899 1123 3992 peregrinos
1143 3899 1234 3970 inter
1251 3897 1356 3993 ephe·

273 4156 305 4216 (l)
322 4152 391 4204 Vide
403 4153 439 4204 Le
452 4152 505 4204 Bas
518 4157 545 4204 et
558 4152 684 4210 boucart,
700 4161 730 4201 n⁰
741 4151 772 4202 34
785 4166 808 4212 e,
823 4152 843 4202 l.
859 4150 882 4202 1.

273 4242 305 4308 (2)
324 4240 393 4292 Vide
411 4243 447 4293 Le
461 4242 513 4292 Eas
528 4245 554 4291 at
567 4240 694 4302 Foucart,
711 4239 742 4290 at
757 4255 784 4299 e,
811 4241 828 4288 i.
847 4239 876 4301 2,
899 4237 922 4288 3.
940 4237 1102 4302 Olympieion
1116 4251 1212 4289 nomen
1227 4236 1357 4302 significat

240 4333 409 4398 gymnasium
422 4345 504 4396 prope
517 4331 645 4395 templum
656 4328 734 4380 Jovis
746 4326 864 4392 Olympii
879 4327 959 4377 situm
973 4325 1064 4375 fuisse.

273 4421 306 4486 (3)
324 4419 394 4472 Vide
407 4421 444 4471 Le
455 4419 522 4478 Bas,
538 4428 567 4470 n⁰
583 4419 650 4470 1009.
