3492 5404
922 524 1080 586 ..43-

444 663 557 733 iucem
586 671 776 748 venerunt,
808 663 1038 756 comprobant
1067 683 1086 732 a
1113 661 1394 755 gymnasiarchia
1419 661 1557 754 politica

444 797 606 860 accurate
633 773 919 880 distinguendam
940 810 1019 860 esse
1039 787 1264 881 ephebicam;
1297 809 1403 879 quam
1424 809 1557 859 cosme·

445 922 536 1001 tarn,
571 912 628 983 vel
655 913 839 1004 magistros
863 913 1020 1006 collegii,
1059 913 1111 983 rel
1133 911 1288 1005 ephebos
1313 913 1513 1006 suscepisse
1539 935 1559 984 a

445 1036 555 1108 titulis
567 1038 816 1130 comperimus.
832 1037 1028 1108 Posterinre
1038 1048 1154 1107 autern
1167 1049 1285 1122 aetate,
1299 1037 1559 1130 gymnasiarchi

445 1162 652 1257 plerumque
671 1161 761 1233 inter
781 1162 937 1256 ephebos
957 1162 1203 1254 deligebantur
1220 1159 1288 1257 (i)
1317 1163 1353 1231 ln
1373 1162 1559 1262 peregrina

444 1299 566 1358 contra
585 1286 748 1381 ephebia,
765 1288 961 1382 saepissime
976 1287 1257 1383 gymnasiarchia
1276 1299 1490 1358 ornatus-est
1506 1287 1559 1358 vir

445 1423 622 1507 maturus,
653 1423 687 1483 et
719 1413 809 1482 ultra
840 1413 1044 1506 ephebicarn
1069 1421 1207 1483 aetatem
1232 1413 1334 1503 longe
1355 1421 1555 1505 provectus.

444 1535 629 1620 Quomodo
649 1537 742 1606 enim
764 1537 854 1608 inter
868 1538 1085 1631 epheborum
1101 1537 1243 1609 ordines
1263 1515 1559 1608 delectus'suisset

444 1661 732 1756 gymnasiarchus
754 1662 812 1734 ilie
832 1663 981 1750 narius,
1009 1663 1070 1755 qui
1096 1663 1221 1734 eodem
1248 1676 1406 1755 ternpore
1428 1662 1557 1732 Tiberii

443 1786 608 1858 sacerdos
627 1797 781 1858 exstaret
799 1783 880 1883 (ἣν
899 1788 1090 1882 Praeterea,
1114 1787 1403 1882 gymnasiarchus
1424 1808 1558 1880 epony·

444 1933 523 1984 mus
538 1923 591 1984 est
608 1911 850 2004 magistratus,
873 1912 1170 2005 quemadmodum
1186 1913 1289 1983 docet
1309 1912 1457 1983 formula
1476 1932 1558 1981 non·

445 2058 626 2130 nunquam
640 2037 674 2108 in
689 2037 796 2108 titulis
811 2047 975 2130 usurpata
990 2063 997 2106 :
1012 2049 1308 2133 γυμνασιαρχοῦντος
1325 2049 1380 2107 τοῦ
1392 2031 1503 2130 δεῖνα(
1530 2033 1556 2132 ).

443 2161 570 2233 Gravia
596 2163 672 2253 ejus
696 2141 831 2251 officia,
866 2172 901 2233 et
921 2161 1119 2254 juventutis
1145 2161 1279 2232 levitati
1306 2161 1450 2232 minime
1476 2181 1557 2232 con·

444 2299 612 2358 sentence
641 2309 719 2358 esse
748 2300 913 2381 apparet;
948 2308 1074 2379 nempe
1102 2287 1229 2358 acriter
1257 2309 1312 2358 res
1341 2286 1557 2381 epheborum

444 2420 562 2481 tuetur
573 2422 608 2482 et
620 2411 811 2505 componit,
826 2423 861 2481 et
871 2411 1027 2505 ephebos
1038 2411 1073 2480 in
1086 2411 1221 2481 tabulas
1233 2410 1376 2482 inscribi
1385 2408 1557 2505 curam).

447 2535 606 2628 Denique
634 2557 654 2606 e
679 2535 778 2609 titulo
801 2537 953 2627 quodam
974 2536 1031 2607 Tei
1053 2535 1229 2605 lucramur
1255 2535 1559 2630 gyrnnasiarchum

445 2661 543 2754 ἀρχήν
557 2657 802 2754 exercere(5),
825 2681 895 2751 quo
912 2659 1044 2728 nullum
1060 2659 1189 2730 certius
1205 2641 1450 2750 argumentum
1466 2679 1560 2750 repa·

444 2783 505 2853 riri
523 2784 623 2869 hcet,
651 2794 689 2853 ut
705 2785 1011 2879 gymnasiarchum
1033 2783 1256 2877 peregrinum
1273 2784 1317 2854 ab
1337 2783 1444 2853 attico
1458 2783 1558 2875 plane

444 2907 586 2978 differre
610 2909 891 3002 comprobemus.
921 2910 983 2979 Hic
1007 2909 1101 2980 enim
1130 2908 1221 2978 inter
1246 2908 1401 2999 aequales
1426 2907 1559 2977 honore

444 3031 615 3126 ephebico
634 3044 778 3104 ornatus
799 3045 871 3122 est,
901 3035 960 3104 iiie
988 3055 1135 3118 munus,
1161 3043 1203 3129 ¹et
1231 3033 1367 3124 insigne
1386 3031 1554 3123 quidem,

445 3156 537 3228 inter
561 3167 696 3230 ceteros
716 3159 852 3252 collegii
876 3160 1059 3252 magistros
1084 3158 1187 3250 gerit.
1209 3159 1324 3229 Facile
1349 3167 1464 3228 temen
1485 3155 1559 3227 ani·

445 3282 675 3356 madverteris
696 3305 765 3355 non
786 3285 830 3354 de
852 3285 955 3356 rebus
975 3284 1191 3378 epheborum
1217 3267 1440 3355 solummodo
1459 3303 1558 3376 gym-

474 3539 509 3604 (2)
526 3537 594 3590 Vide
609 3539 740 3604 Dumont,
755 3556 798 3605 op.
814 3542 874 3590 laud
888 3579 894 3600 ,
910 3544 930 3590 t.
944 3541 986 3602 ΙΙ,
1009 3541 1100 3590 titulos
1116 3540 1206 3601 nxn,
1232 3538 1344 3590 LXXIV
1357 3540 1395 3602 A,
1413 3537 1486 3595 XCI,
1509 3543 1558 3588 etc.

444 3625 531 3679 Facile
544 3630 594 3678 erit
608 3643 729 3694 magnam
740 3631 876 3702 titulorum
891 3630 994 3692 copiam
1009 3629 1170 3693 depromere.

478 3715 511 3780 (l)
529 3718 627 3784 Corpus
642 3719 720 3770 ihrer.
738 3718 825 3776 Groem,
840 3727 870 3766 n⁰
881 3717 952 3768 atta.

477 3808 512 3872 (2)
528 3807 647 3874 Megara.
664 3809 700 3860 he
711 3809 764 3860 Bas
778 3816 804 3859 et
818 3808 949 3870 Foucert,
972 3816 1002 3858 n⁰
1017 3808 1047 3858 34
1061 3823 1083 3858 e.
1104 3806 1233 3868 Thouria,
1251 3807 1331 3867 ibid,
1355 3814 1384 3856 n⁰
1404 3805 1459 3856 301.
1482 3806 1564 3857 Icaria

444 3897 544 3959 insule,
559 3899 620 3948 vide
632 3900 803 3962 appendicem
817 3903 951 3952 nostrum.
965 3906 994 3946 n⁰
1006 3898 1029 3955 3,
1043 3901 1093 3947 ete.

475 3985 509 4049 (3)
528 3988 641 4054 Ἄρχονσι
654 3991 700 4056 γὰρ
716 3991 756 4052 {oi
768 3987 964 4054 γυμνασίαρχοι]
978 3990 1084 4054 ἰσχυρῶς
1099 3993 1148 4037 τῶν
1167 3987 1279 4050 ἐφήὸων,
1298 3986 1341 4036 καὶ
1358 3985 1508 4051 προσέχουσι
1521 3985 1563 4034 τὸν

442 4083 498 4129 νοῦν
513 4079 608 4145 σφόδρα
621 4084 672 4138 τοῖς
685 4082 725 4130 ὑπ’
738 4081 817 4130 αὐτῶν
831 4079 1039 4144 πραττομένοις.»
1054 4076 1226 4134 Plutarchum
1240 4074 1359 4137 Erotico,
1386 4073 1426 4136 10,
1438 4089 1464 4137 p.
1479 4073 1524 4122 755
1538 4088 1561 4122 e.

443 4163 483 4215 Cf.
497 4165 529 4217 Ο.
545 4167 645 4230 libyci,
659 4169 828 4232 inscriptions
840 4169 870 4217 de
882 4166 931 4216 t’tte
941 4168 971 4217 de
984 4168 1048 4227 Kos,
1065 4174 1095 4214 n⁰
1105 4165 1132 4221 6,
1148 4167 1398 4230 γνμνασιαρχήσαντα
1408 4169 1458 4214 τῶν
1472 4165 1563 4226 ἐφήΰων

445 4254 545 4314 ἐνδόξως
565 4256 607 4306 καὶ
626 4257 756 4320 diriperes,
776 4261 825 4305 etc.
849 4254 887 4304 De
907 4255 1080 4316 inscriptione
1099 4254 1260 4316 epheborum
1279 4252 1312 4301 ad
1331 4251 1563 4315 gymnasiarchum

443 4345 609 4406 pertinente,
632 4343 940 4408 videNaryce(1.0cris',
957 4343 990 4391 Lo
1003 4342 1063 4401 Bas,
1078 4350 1107 4391 n⁰
1121 4341 1189 4393 1009.

476 4431 509 4499 (5)
528 4434 624 4502 Corpus
634 4435 713 4484 iurcr.
726 4448 807 4504 praec..
824 4442 852 4484 11⁰
863 4433 938 4490 3086,
953 4435 970 4485 i.
985 4430 1008 4482 2.
