3492 5404
906 515 945 526 ..
967 479 1005 546 50
1027 514 1066 526 ..

427 628 462 690 et
480 628 562 714 post
580 617 902 713 gymnasiarchum.
924 618 1079 689 Similem
1102 639 1203 713 paene
1224 617 1360 689 titulum
1381 618 1416 688 in
1436 619 1543 690 attica

426 743 576 838 ephebia
594 744 912 838 deprehendimus,
945 745 1079 816 scilicet
1096 745 1195 840 ἄρχων
1217 741 1354 840 spadam
1381 745 1442 838 qui
1471 766 1539 816 non

426 870 665 962 magistratum
686 871 893 963 quemdam,
916 870 978 942 sed
999 870 1168 942 honorem
1197 870 1362 964 primario
1382 870 1537 964 ephebo-

425 1017 502 1066 rum
531 996 694 1067 collatum
719 995 918 1088 significare
945 996 1097 1068 uidetur.
1131 995 1258 1080 Quanti
1286 1008 1404 1067 autem
1432 996 1536 1090 pretii

425 1121 536 1193 sactus
555 1121 621 1216 sit,
643 1143 687 1192 ex
707 1121 792 1216 ipsis
812 1122 988 1215 lapidibus
1008 1122 1264 1216 comperimus3
1296 1144 1420 1216 nempe
1436 1123 1541 1214 juvat

425 1245 539 1334 viros,
561 1246 785 1339 amplissimis
808 1249 879 1338 jam
909 1247 1115 1318 muneribus
1141 1258 1306 1336 ornatae,
1333 1247 1400 1319 hoe
1429 1245 1542 1340 primo

424 1371 603 1464 diguitatis
623 1373 733 1464 gradu
753 1372 957 1466 superbire,
988 1386 1022 1443 et
1043 1372 1238 1463 juvenilem
1260 1372 1430 1444 honorem
1453 1395 1532 1442 cum

423 1497 548 1569 ceteris
567 1507 713 1568 maturae
732 1498 845 1568 aetatis
865 1497 1080 1570 ornamentis
1099 1519 1387 1582 commemorare.

471 1623 546 1696 Mos
572 1622 704 1716 ubique
730 1623 803 1694 lere
822 1623 990 1710 invaluit,
1021 1622 1195 1716 ephebum
1220 1623 1409 1716 quemdam
1432 1623 1533 1715 quasi

418 1745 615 1838 juventutis
635 1747 826 1841 principem
848 1747 1054 1838 designare,
1083 1747 1160 1820 sive
1179 1747 1274 1839 quod
1290 1746 1461 1842 juvenem
1483 1746 1499 1815 l
1521 1787 1533 1797 ·

423 1870 518 1942 milia
538 1871 756 1943 nobilissima
775 1872 964 1944 oriundum
984 1872 1094 1960 circe,
1117 1871 1163 1942 ad
1184 1871 1386 1942 blanditiam
1409 1871 1532 1958 ellusi,

421 1993 480 2065 tali
504 1994 674 2087 dignitate
693 2007 927 2086 exornarent3
952 1996 1029 2068 sive
1058 1996 1153 2088 quod
1178 1995 1336 2089 ephebus
1360 1994 1535 2088 quidam,

422 2119 563 2210 iugenio
584 2120 810 2213 praecellens,
838 2121 988 2216 primum
1019 2121 1109 2192 inter
1136 2121 1291 2214 aequales
1319 2120 1433 2191 locum
1455 2121 1537 2211 jure

421 2257 626 2316 mereretur.
660 2246 775 2330 Quare
801 2246 830 2316 si
859 2247 996 2317 titulum
1024 2246 1182 2340 Derriopi
1213 2267 1291 2316 cum
1320 2244 1534 2338 supradietis

420 2370 664 2459 conseramus,
700 2371 900 2442 verisimilis
931 2371 1031 2444 uobis
1063 2371 1264 2465 suppeditat
1293 2369 1535 2463 interpretatio

419 2494 582 2566 vocabuli
609 2496 814 2590 cujusdam,
849 2497 944 2590 quod
971 2506 1052 2568 ante
1081 2495 1207 2589 ephebi
1243 2494 1343 2588 primi
1377 2493 1534 2586 inscripti

420 2640 547 2692 nomen
571 2635 747 2691 exaratur.
770 2621 905 2692 Dicitur
925 2623 1019 2694 enim
1040 2621 1099 2691 ille
1119 2643 1198 2692 esse
1216 2621 1437 2716 πρωτρστάτης
1456 2616 1533 2714 (l),

419 2745 514 2837 qnod
535 2745 626 2815 idem
648 2746 742 2817 valet
761 2759 866 2839 atque
892 2746 990 2842 ἅρχων
1016 2743 1156 2841 lpidam
1188 2745 1349 2839 princeps
1368 2744 1537 2814 videlicet

419 2867 580 2962 ephebiae
601 2881 673 2959 est,
706 2882 740 2942 et
765 2872 895 2963 gradus
919 2870 1062 2944 honoris
1092 2871 1276 2957 manilesto
1305 2879 1456 2962 quantus
1487 2867 1535 2938 sit

418 3005 583 3086 apparet,
621 2994 716 3087 quod
748 3017 876 3066 nomen
905 2995 1032 3090 ephebi
1069 2995 1288 3090 reposceretur
1320 2993 1533 3066 mentionem

418 3117 630 3211 ephebarchi
651 3119 822 3213 sequitur,

468 3241 506 3316 2⁰
537 3243 673 3338 Saepius
703 3245 807 3316 etiam
839 3245 1051 3316 ollendimus
1078 3243 1214 3314 titulum
1242 3239 1434 3338 ἐφῆὅαρχος,
1470 3241 1533 3312 sed

419 3389 590 3462 nusquam
611 3369 645 3439 in
664 3369 838 3464 lapidibus
854 3370 999 3442 Graeciae
1017 3369 1184 3464 propriae3
1200 3367 1295 3462 quod
1313 3376 1430 3437 utrum
1448 3387 1531 3438 casu

417 3513 461 3564 an
480 3504 620 3588 propter
636 3494 790 3587 ignotam
807 3517 947 3567 causam
964 3495 1141 3582 evenerit,
1165 3493 1258 3564 baud
1280 3491 1380 3564 facile
1397 3501 1450 3562 est
1470 3513 1532 3562 ex·

418 3617 572 3711 planare.
604 3618 707 3704 Quod
739 3619 783 3690 ad
814 3639 969 3712 praeseus
998 3628 1152 3712 spectat,
1185 3639 1294 3710 quum
1323 3637 1467 3688 necesse
1487 3614 1533 3685 sit

417 3763 491 3814 rem
534 3743 651 3816 adhuc
695 3744 838 3816 dubiam
866 3753 1027 3816 accurate
1068 3742 1261 3837 inspicere,
1295 3742 1329 3811 in
1369 3739 1531 3834 sequenti

416 3868 544 3961 pagina
564 3870 765 3941 notavimus
786 3869 1031 3962 inscriptiones
1053 3868 1181 3962 publici
1199 3867 1288 3959 juris
1306 3867 1428 3953 tactae,
1450 3887 1530 3958 qum

416 3988 587 4090 ἐφῆἕαρχον
607 3994 806 4087 designant.

449 4219 481 4284 (l)
499 4222 636 4288 Πανδώρα,
659 4221 773 4286 Augusti
790 4220 857 4271 tato.
880 4220 997 4272 Titulum
1016 4220 1099 4270 edidit
1115 4219 1322 4284 Papadopoulos.
1346 4217 1463 4268 Aliunde
1481 4232 1530 4268 no·

415 4310 502 4360 vimus
515 4313 656 4377 προστάτην
669 4317 713 4364 τοῦ
727 4318 809 4362 κοινοῦ
824 4317 872 4362 τῶν
889 4309 994 4377 Ἀχαίων
1009 4310 1061 4374 (Le
1074 4308 1125 4358 Bas
1139 4311 1165 4359 et
1180 4309 1308 4368 Foucert,
1334 4316 1363 4358 n⁰
1377 4308 1424 4358 305
1438 4327 1443 4357 ε
1462 4307 1531 4368 'All-

414 4415 496 4456 trueu,
512 4399 580 4462 1875,
596 4402 658 4455 maii
673 4406 699 4452 et
711 4401 830 4472 augusti)
846 4401 966 4468 quicum
983 4399 1092 4466 ephebia
1107 4400 1172 4450 nihil
1188 4413 1329 4450 commune
1340 4400 1426 4449 hahet.
