<?xml version="1.0" encoding="UTF-8"?>
<!DOCTYPE html PUBLIC "-//W3C//DTD XHTML 1.0 Transitional//EN"
    "http://www.w3.org/TR/xhtml1/DTD/xhtml1-transitional.dtd">
<html xmlns="http://www.w3.org/1999/xhtml" xml:lang="en" lang="en">
 <head>
  <title>
</title>
<meta http-equiv="Content-Type" content="text/html;charset=utf-8" />
  <meta name='ocr-system' content='tesseract 3.04.00' />
  <meta name='ocr-capabilities' content='ocr_page ocr_carea ocr_par ocr_line ocrx_word'/>
</head>
<body>
  <div class='ocr_page' id='page_1' title='image "./quiddecollegiis00collgoog_0054.png"; bbox 0 0 3492 5404; ppageno 0'>
   <div class='ocr_carea' id='block_1_1' title="bbox 707 471 866 531">
    <p class='ocr_par' dir='ltr' id='par_1_1' title="bbox 707 471 866 531">
     <span class='ocr_line' id='line_1_1' title="bbox 707 471 866 531; baseline 0.006 -15"><span class='ocrx_word' id='word_1_1' title='bbox 707 471 866 531; x_wconf 81' lang='lat'><strong>...47-</strong></span> 
     </span>
    </p>
   </div>
   <div class='ocr_carea' id='block_1_2' title="bbox 220 605 1344 2704">
    <p class='ocr_par' dir='ltr' id='par_1_2' title="bbox 220 605 1344 2704">
     <span class='ocr_line' id='line_1_2' title="bbox 222 605 1341 704; baseline 0.005 -28"><span class='ocrx_word' id='word_1_2' title='bbox 222 606 337 677; x_wconf 88' lang='lat' dir='ltr'><strong>virum</strong></span> <span class='ocrx_word' id='word_1_3' title='bbox 357 607 438 702; x_wconf 88' lang='lat' dir='ltr'><strong>qui,</strong></span> <span class='ocrx_word' id='word_1_4' title='bbox 458 617 642 704; x_wconf 73' lang='lat' dir='ltr'><strong>postquam</strong></span> <span class='ocrx_word' id='word_1_5' title='bbox 659 605 781 678; x_wconf 89' lang='lat' dir='ltr'><strong>militia</strong></span> <span class='ocrx_word' id='word_1_6' title='bbox 797 607 891 678; x_wconf 91' lang='lat' dir='ltr'><strong>haud</strong></span> <span class='ocrx_word' id='word_1_7' title='bbox 910 607 1096 680; x_wconf 77' lang='lat' dir='ltr'><strong>inhoneste</strong></span> <span class='ocrx_word' id='word_1_8' title='bbox 1113 609 1256 682; x_wconf 86' lang='lat' dir='ltr'><strong>iunctus</strong></span> <span class='ocrx_word' id='word_1_9' title='bbox 1273 621 1341 701; x_wconf 88' lang='lat' dir='ltr'><strong>est,</strong></span> 
     </span>
     <span class='ocr_line' id='line_1_3' title="bbox 222 729 1343 830; baseline 0.005 -28"><span class='ocrx_word' id='word_1_10' title='bbox 222 735 392 814; x_wconf 78' lang='grc' dir='ltr'>ἐπιστάτης</span> <span class='ocrx_word' id='word_1_11' title='bbox 426 745 487 804; x_wconf 79' lang='grc' dir='ltr'><strong>τῶν</strong></span> <span class='ocrx_word' id='word_1_12' title='bbox 528 729 646 804; x_wconf 76' lang='grc' dir='ltr'>παίδων</span> <span class='ocrx_word' id='word_1_13' title='bbox 680 732 806 804; x_wconf 83' lang='lat' dir='ltr'><strong>euasit.</strong></span> <span class='ocrx_word' id='word_1_14' title='bbox 849 733 960 828; x_wconf 90' lang='lat' dir='ltr'><strong>Supra</strong></span> <span class='ocrx_word' id='word_1_15' title='bbox 995 745 1131 806; x_wconf 90' lang='lat' dir='ltr'><strong>ceteros</strong></span> <span class='ocrx_word' id='word_1_16' title='bbox 1168 736 1343 830; x_wconf 81' lang='lat' dir='ltr'>gymnasii</span> 
     </span>
     <span class='ocr_line' id='line_1_4' title="bbox 223 859 1342 957; baseline 0.004 -28"><span class='ocrx_word' id='word_1_17' title='bbox 223 860 408 954; x_wconf 89' lang='lat' dir='ltr'><strong>magistros</strong></span> <span class='ocrx_word' id='word_1_18' title='bbox 428 859 581 957; x_wconf 82' lang='lat' dir='ltr'><strong>positus,</strong></span> <span class='ocrx_word' id='word_1_19' title='bbox 605 881 731 953; x_wconf 90' lang='lat' dir='ltr'><strong>pueros</strong></span> <span class='ocrx_word' id='word_1_20' title='bbox 750 870 868 946; x_wconf 88' lang='lat' dir='ltr'><strong>curat,</strong></span> <span class='ocrx_word' id='word_1_21' title='bbox 895 869 929 932; x_wconf 90' lang='lat' dir='ltr'><strong>et</strong></span> <span class='ocrx_word' id='word_1_22' title='bbox 949 881 1092 953; x_wconf 79' lang='lat' dir='ltr'>operam</span> <span class='ocrx_word' id='word_1_23' title='bbox 1113 860 1172 932; x_wconf 92' lang='lat' dir='ltr'><strong>dat</strong></span> <span class='ocrx_word' id='word_1_24' title='bbox 1190 863 1342 955; x_wconf 90' lang='lat' dir='ltr'><strong>nequid</strong></span> 
     </span>
     <span class='ocr_line' id='line_1_5' title="bbox 223 984 1342 1078; baseline 0.004 -24"><span class='ocrx_word' id='word_1_25' title='bbox 223 984 416 1057; x_wconf 90' lang='lat' dir='ltr'><strong>insolenter</strong></span> <span class='ocrx_word' id='word_1_26' title='bbox 450 995 510 1054; x_wconf 91' lang='lat' dir='ltr'><strong>aut</strong></span> <span class='ocrx_word' id='word_1_27' title='bbox 544 997 644 1056; x_wconf 81' lang='lat' dir='ltr'><strong>extra</strong></span> <span class='ocrx_word' id='word_1_28' title='bbox 680 1006 862 1054; x_wconf 90' lang='lat' dir='ltr'><strong>numerum</strong></span> <span class='ocrx_word' id='word_1_29' title='bbox 889 985 1111 1078; x_wconf 86' lang='lat' dir='ltr'><strong>&#39;modumque</strong></span> <span class='ocrx_word' id='word_1_30' title='bbox 1142 997 1278 1078; x_wconf 80' lang='lat' dir='ltr'><strong>agatur.</strong></span> <span class='ocrx_word' id='word_1_31' title='bbox 1307 987 1342 1060; x_wconf 91' lang='lat' dir='ltr'><strong>Si</strong></span> 
     </span>
     <span class='ocr_line' id='line_1_6' title="bbox 221 1109 1343 1202; baseline 0.004 -22"><span class='ocrx_word' id='word_1_32' title='bbox 221 1109 374 1183; x_wconf 88' lang='lat' dir='ltr'><strong>civitatis</strong></span> <span class='ocrx_word' id='word_1_33' title='bbox 393 1110 546 1182; x_wconf 80' lang='lat' dir='ltr'><strong>doricam</strong></span> <span class='ocrx_word' id='word_1_34' title='bbox 566 1111 737 1202; x_wconf 79' lang='lat' dir='ltr'>originem</span> <span class='ocrx_word' id='word_1_35' title='bbox 756 1110 993 1195; x_wconf 88' lang='lat' dir='ltr'><strong>attendamus,</strong></span> <span class='ocrx_word' id='word_1_36' title='bbox 1012 1133 1082 1182; x_wconf 92' lang='lat' dir='ltr'><strong>non</strong></span> <span class='ocrx_word' id='word_1_37' title='bbox 1102 1110 1227 1180; x_wconf 92' lang='lat' dir='ltr'><strong>mirum</strong></span> <span class='ocrx_word' id='word_1_38' title='bbox 1249 1111 1343 1184; x_wconf 91' lang='lat' dir='ltr'><strong>vide·</strong></span> 
     </span>
     <span class='ocr_line' id='line_1_7' title="bbox 220 1233 1343 1330; baseline 0.001 -26"><span class='ocrx_word' id='word_1_39' title='bbox 220 1233 316 1304; x_wconf 87' lang='lat' dir='ltr'><strong>bitur</strong></span> <span class='ocrx_word' id='word_1_40' title='bbox 336 1235 494 1307; x_wconf 87' lang='lat' dir='ltr'><strong>Rhodios</strong></span> <span class='ocrx_word' id='word_1_41' title='bbox 520 1235 554 1304; x_wconf 90' lang='lat' dir='ltr'><strong>in</strong></span> <span class='ocrx_word' id='word_1_42' title='bbox 582 1235 799 1306; x_wconf 87' lang='lat' dir='ltr'><strong>instituendo</strong></span> <span class='ocrx_word' id='word_1_43' title='bbox 817 1236 1015 1326; x_wconf 86' lang='lat' dir='ltr'><strong>juventutis</strong></span> <span class='ocrx_word' id='word_1_44' title='bbox 1036 1235 1257 1330; x_wconf 82' lang='lat' dir='ltr'><strong>disciplinam</strong></span> <span class='ocrx_word' id='word_1_45' title='bbox 1279 1235 1343 1308; x_wconf 94' lang='lat' dir='ltr'><strong>ali-</strong></span> 
     </span>
     <span class='ocr_line' id='line_1_8' title="bbox 220 1359 1343 1452; baseline 0.004 -25"><span class='ocrx_word' id='word_1_46' title='bbox 220 1359 348 1452; x_wconf 92' lang='lat' dir='ltr'><strong>quide</strong></span> <span class='ocrx_word' id='word_1_47' title='bbox 370 1359 533 1430; x_wconf 81' lang='lat' dir='ltr'><strong>laconicis</strong></span> <span class='ocrx_word' id='word_1_48' title='bbox 555 1359 710 1432; x_wconf 84' lang='lat' dir='ltr'><strong>moribus</strong></span> <span class='ocrx_word' id='word_1_49' title='bbox 731 1359 1013 1452; x_wconf 89' lang='lat' dir='ltr'><strong>deprompsisse;</strong></span> <span class='ocrx_word' id='word_1_50' title='bbox 1047 1381 1162 1452; x_wconf 91' lang='lat' dir='ltr'><strong>neque</strong></span> <span class='ocrx_word' id='word_1_51' title='bbox 1189 1359 1343 1432; x_wconf 83' lang='lat' dir='ltr'><strong>infitian-</strong></span> 
     </span>
     <span class='ocr_line' id='line_1_9' title="bbox 221 1479 1342 1578; baseline 0.004 -26"><span class='ocrx_word' id='word_1_52' title='bbox 221 1482 304 1554; x_wconf 83' lang='lat' dir='ltr'><strong>dum</strong></span> <span class='ocrx_word' id='word_1_53' title='bbox 327 1484 393 1556; x_wconf 82' lang='lat' dir='ltr'><strong>erit</strong></span> <span class='ocrx_word' id='word_1_54' title='bbox 415 1479 531 1572; x_wconf 73' lang='grc' dir='ltr'>βιδέους</span> <span class='ocrx_word' id='word_1_55' title='bbox 551 1484 585 1554; x_wconf 89' lang='lat' dir='ltr'><strong>in</strong></span> <span class='ocrx_word' id='word_1_56' title='bbox 607 1484 824 1578; x_wconf 81' lang='lat' dir='ltr'><strong>epheborum</strong></span> <span class='ocrx_word' id='word_1_57' title='bbox 851 1484 1020 1576; x_wconf 80' lang='lat' dir='ltr'><strong>collegio,</strong></span> <span class='ocrx_word' id='word_1_58' title='bbox 1051 1494 1085 1556; x_wconf 85' lang='lat' dir='ltr'><strong>el</strong></span> <span class='ocrx_word' id='word_1_59' title='bbox 1112 1486 1279 1566; x_wconf 80' lang='grc' dir='ltr'>ἐπιστάτας</span> <span class='ocrx_word' id='word_1_60' title='bbox 1307 1483 1342 1556; x_wconf 85' lang='lat' dir='ltr'><strong>in</strong></span> 
     </span>
     <span class='ocr_line' id='line_1_10' title="bbox 221 1609 1070 1704; baseline 0.002 -26"><span class='ocrx_word' id='word_1_61' title='bbox 221 1609 407 1704; x_wconf 81' lang='lat' dir='ltr'><strong>gymnasio</strong></span> <span class='ocrx_word' id='word_1_62' title='bbox 427 1609 550 1680; x_wconf 89' lang='lat' dir='ltr'><strong>eadem</strong></span> <span class='ocrx_word' id='word_1_63' title='bbox 573 1631 674 1703; x_wconf 89' lang='lat' dir='ltr'><strong>paene</strong></span> <span class='ocrx_word' id='word_1_64' title='bbox 693 1631 839 1680; x_wconf 87' lang='lat' dir='ltr'><strong>munera</strong></span> <span class='ocrx_word' id='word_1_65' title='bbox 855 1609 1070 1680; x_wconf 81' lang='lat' dir='ltr'><strong>exercuisse.</strong></span> 
     </span>
     <span class='ocr_line' id='line_1_11' title="bbox 274 1731 1344 1831; baseline 0.004 -27"><span class='ocrx_word' id='word_1_66' title='bbox 274 1731 560 1831; x_wconf 74' lang='grc' dir='ltr'>Παλαιστροφύλαξ.</span> <span class='ocrx_word' id='word_1_67' title='bbox 597 1735 669 1806; x_wconf 84' lang='grc' dir='ltr'><strong>Ηοσ</strong></span> <span class='ocrx_word' id='word_1_68' title='bbox 702 1757 830 1806; x_wconf 92' lang='lat' dir='ltr'><strong>nomen</strong></span> <span class='ocrx_word' id='word_1_69' title='bbox 865 1735 993 1808; x_wconf 89' lang='lat' dir='ltr'><strong>ceteris</strong></span> <span class='ocrx_word' id='word_1_70' title='bbox 1027 1734 1220 1830; x_wconf 79' lang='lat' dir='ltr'><strong>adscripsi,</strong></span> <span class='ocrx_word' id='word_1_71' title='bbox 1263 1735 1344 1808; x_wconf 89' lang='lat' dir='ltr'><strong>licet</strong></span> 
     </span>
     <span class='ocr_line' id='line_1_12' title="bbox 226 1858 1344 1956; baseline 0.004 -28"><span class='ocrx_word' id='word_1_72' title='bbox 226 1858 448 1930; x_wconf 91' lang='lat' dir='ltr'><strong>humiliorem</strong></span> <span class='ocrx_word' id='word_1_73' title='bbox 481 1859 678 1930; x_wconf 90' lang='lat' dir='ltr'><strong>ministrum</strong></span> <span class='ocrx_word' id='word_1_74' title='bbox 706 1859 924 1954; x_wconf 86' lang='lat' dir='ltr'><strong>significasse</strong></span> <span class='ocrx_word' id='word_1_75' title='bbox 955 1861 1118 1932; x_wconf 89' lang='lat' dir='ltr'><strong>videatur</strong></span> <span class='ocrx_word' id='word_1_76' title='bbox 1148 1859 1213 1956; x_wconf 87' lang='lat' dir='ltr'><strong>(l).</strong></span> <span class='ocrx_word' id='word_1_77' title='bbox 1241 1859 1344 1947; x_wconf 91' lang='lat' dir='ltr'><strong>Qnod</strong></span> 
     </span>
     <span class='ocr_line' id='line_1_13' title="bbox 226 1984 1343 2080; baseline 0.004 -27"><span class='ocrx_word' id='word_1_78' title='bbox 226 1984 345 2054; x_wconf 90' lang='lat' dir='ltr'><strong>titulos</strong></span> <span class='ocrx_word' id='word_1_79' title='bbox 364 1985 488 2055; x_wconf 89' lang='lat' dir='ltr'><strong>atticos</strong></span> <span class='ocrx_word' id='word_1_80' title='bbox 507 1985 717 2074; x_wconf 73' lang='lat' dir='ltr'><strong>sciscitanti,</strong></span> <span class='ocrx_word' id='word_1_81' title='bbox 752 2008 923 2080; x_wconf 89' lang='lat' dir='ltr'><strong>nusquam</strong></span> <span class='ocrx_word' id='word_1_82' title='bbox 944 1986 1109 2059; x_wconf 87' lang='lat' dir='ltr'><strong>occurrit.</strong></span> <span class='ocrx_word' id='word_1_83' title='bbox 1138 1986 1221 2057; x_wconf 91' lang='lat' dir='ltr'><strong>Ideo</strong></span> <span class='ocrx_word' id='word_1_84' title='bbox 1241 1985 1343 2057; x_wconf 87' lang='lat' dir='ltr'><strong>dictis</strong></span> 
     </span>
     <span class='ocr_line' id='line_1_14' title="bbox 227 2109 1343 2204; baseline 0 -24"><span class='ocrx_word' id='word_1_85' title='bbox 227 2129 248 2180; x_wconf 90' lang='lat' dir='ltr'><strong>a</strong></span> <span class='ocrx_word' id='word_1_86' title='bbox 278 2110 525 2202; x_wconf 90' lang='lat' dir='ltr'><strong>Dittenberger</strong></span> <span class='ocrx_word' id='word_1_87' title='bbox 545 2111 649 2204; x_wconf 88' lang='lat' dir='ltr'><strong>plane</strong></span> <span class='ocrx_word' id='word_1_88' title='bbox 676 2111 907 2199; x_wconf 79' lang='lat' dir='ltr'><strong>assentimus,</strong></span> <span class='ocrx_word' id='word_1_89' title='bbox 938 2111 996 2204; x_wconf 90' lang='lat' dir='ltr'><strong>qui</strong></span> <span class='ocrx_word' id='word_1_90' title='bbox 1026 2111 1120 2181; x_wconf 91' lang='lat' dir='ltr'><strong>hunc</strong></span> <span class='ocrx_word' id='word_1_91' title='bbox 1146 2109 1343 2182; x_wconf 90' lang='lat' dir='ltr'><strong>ministrnm</strong></span> 
     </span>
     <span class='ocr_line' id='line_1_15' title="bbox 226 2231 1194 2331; baseline -0.002 -26"><span class='ocrx_word' id='word_1_92' title='bbox 226 2233 388 2328; x_wconf 82' lang='lat' dir='ltr'><strong>ephebiae</strong></span> <span class='ocrx_word' id='word_1_93' title='bbox 407 2245 542 2306; x_wconf 81' lang='lat' dir='ltr'><strong>exterae</strong></span> <span class='ocrx_word' id='word_1_94' title='bbox 561 2236 772 2329; x_wconf 82' lang='lat' dir='ltr'><strong>peculiarem</strong></span> <span class='ocrx_word' id='word_1_95' title='bbox 794 2236 901 2306; x_wconf 86' lang='lat' dir='ltr'><strong>luisse</strong></span> <span class='ocrx_word' id='word_1_96' title='bbox 921 2236 1109 2306; x_wconf 90' lang='lat' dir='ltr'><strong>arbitratur</strong></span> <span class='ocrx_word' id='word_1_97' title='bbox 1125 2231 1194 2331; x_wconf 71' lang='grc'>(2).</span> 
     </span>
     <span class='ocr_line' id='line_1_16' title="bbox 275 2357 1344 2454; baseline 0.004 -28"><span class='ocrx_word' id='word_1_98' title='bbox 275 2359 516 2454; x_wconf 77' lang='grc' dir='ltr'>Γυμνασίαρχος.</span> <span class='ocrx_word' id='word_1_99' title='bbox 551 2359 816 2454; x_wconf 73' lang='lat' dir='ltr'><strong>Gpnruasiarclri</strong></span> <span class='ocrx_word' id='word_1_100' title='bbox 849 2381 993 2430; x_wconf 91' lang='lat' dir='ltr'><strong>munera</strong></span> <span class='ocrx_word' id='word_1_101' title='bbox 1021 2381 1099 2430; x_wconf 91' lang='lat' dir='ltr'><strong>cum</strong></span> <span class='ocrx_word' id='word_1_102' title='bbox 1127 2357 1344 2451; x_wconf 83' lang='lat' dir='ltr'><strong>epheborum</strong></span> 
     </span>
     <span class='ocr_line' id='line_1_17' title="bbox 224 2481 1341 2578; baseline 0.003 -26"><span class='ocrx_word' id='word_1_103' title='bbox 224 2481 330 2554; x_wconf 86' lang='lat' dir='ltr'><strong>rebus</strong></span> <span class='ocrx_word' id='word_1_104' title='bbox 347 2505 557 2576; x_wconf 87' lang='lat' dir='ltr'><strong>congruere,</strong></span> <span class='ocrx_word' id='word_1_105' title='bbox 578 2485 700 2578; x_wconf 90' lang='lat' dir='ltr'><strong>procul</strong></span> <span class='ocrx_word' id='word_1_106' title='bbox 720 2506 738 2554; x_wconf 91' lang='lat' dir='ltr'><strong>a</strong></span> <span class='ocrx_word' id='word_1_107' title='bbox 757 2485 866 2558; x_wconf 88' lang='lat' dir='ltr'><strong>dnbio</strong></span> <span class='ocrx_word' id='word_1_108' title='bbox 882 2494 947 2556; x_wconf 88' lang='lat' dir='ltr'><strong>cst.</strong></span> <span class='ocrx_word' id='word_1_109' title='bbox 965 2486 1015 2556; x_wconf 91' lang='lat' dir='ltr'><strong>De</strong></span> <span class='ocrx_word' id='word_1_110' title='bbox 1034 2505 1104 2578; x_wconf 91' lang='lat' dir='ltr'><strong>qno</strong></span> <span class='ocrx_word' id='word_1_111' title='bbox 1123 2483 1341 2576; x_wconf 85' lang='lat' dir='ltr'><strong>magistratu,</strong></span> 
     </span>
     <span class='ocr_line' id='line_1_18' title="bbox 225 2607 1344 2704; baseline 0 -25"><span class='ocrx_word' id='word_1_112' title='bbox 225 2608 291 2679; x_wconf 88' lang='lat' dir='ltr'><strong>etsi</strong></span> <span class='ocrx_word' id='word_1_113' title='bbox 309 2609 451 2702; x_wconf 91' lang='lat' dir='ltr'><strong>copiose</strong></span> <span class='ocrx_word' id='word_1_114' title='bbox 469 2630 488 2680; x_wconf 86' lang='lat' dir='ltr'><strong>a</strong></span> <span class='ocrx_word' id='word_1_115' title='bbox 510 2609 766 2681; x_wconf 90' lang='lat' dir='ltr'><strong>recentioribus</strong></span> <span class='ocrx_word' id='word_1_116' title='bbox 780 2621 833 2681; x_wconf 91' lang='lat' dir='ltr'><strong>est</strong></span> <span class='ocrx_word' id='word_1_117' title='bbox 850 2611 1063 2704; x_wconf 86' lang='lat' dir='ltr'><strong>disputatum</strong></span> <span class='ocrx_word' id='word_1_118' title='bbox 1084 2607 1152 2703; x_wconf 84' lang='lat'>(3),</span> <span class='ocrx_word' id='word_1_119' title='bbox 1176 2609 1344 2679; x_wconf 87' lang='lat' dir='ltr'><strong>nonsatis</strong></span> 
     </span>
    </p>
   </div>
   <div class='ocr_carea' id='block_1_3' title="bbox 224 2729 1344 3590">
    <p class='ocr_par' dir='ltr' id='par_1_3' title="bbox 224 2729 1343 3076">
     <span class='ocr_line' id='line_1_19' title="bbox 225 2729 1340 2828; baseline 0 -25"><span class='ocrx_word' id='word_1_120' title='bbox 225 2732 336 2826; x_wconf 91' lang='lat' dir='ltr'><strong>liquet</strong></span> <span class='ocrx_word' id='word_1_121' title='bbox 350 2734 528 2826; x_wconf 90' lang='lat' dir='ltr'><strong>quomodo</strong></span> <span class='ocrx_word' id='word_1_122' title='bbox 544 2733 802 2804; x_wconf 85' lang='lat' dir='ltr'><strong>definiantnrin</strong></span> <span class='ocrx_word' id='word_1_123' title='bbox 817 2735 965 2828; x_wconf 85' lang='lat' dir='ltr'><strong>ephebia</strong></span> <span class='ocrx_word' id='word_1_124' title='bbox 979 2746 1099 2804; x_wconf 87' lang='lat' dir='ltr'><strong>extera</strong></span> <span class='ocrx_word' id='word_1_125' title='bbox 1114 2734 1190 2824; x_wconf 89' lang='lat' dir='ltr'><strong>ejus</strong></span> <span class='ocrx_word' id='word_1_126' title='bbox 1207 2729 1340 2827; x_wconf 82' lang='lat' dir='ltr'><strong>olficia3</strong></span> 
     </span>
     <span class='ocr_line' id='line_1_20' title="bbox 224 2857 1343 2958; baseline -0.001 -30"><span class='ocrx_word' id='word_1_127' title='bbox 224 2879 305 2958; x_wconf 86' lang='lat' dir='ltr'><strong>nam</strong></span> <span class='ocrx_word' id='word_1_128' title='bbox 325 2880 483 2952; x_wconf 84' lang='lat' dir='ltr'><strong>persaepe</strong></span> <span class='ocrx_word' id='word_1_129' title='bbox 505 2857 725 2951; x_wconf 81' lang='lat' dir='ltr'><strong>negligenter</strong></span> <span class='ocrx_word' id='word_1_130' title='bbox 746 2859 865 2932; x_wconf 92' lang='lat' dir='ltr'><strong>titulos</strong></span> <span class='ocrx_word' id='word_1_131' title='bbox 885 2860 1010 2930; x_wconf 89' lang='lat' dir='ltr'><strong>atticos</strong></span> <span class='ocrx_word' id='word_1_132' title='bbox 1033 2857 1077 2929; x_wconf 89' lang='lat' dir='ltr'><strong>ab</strong></span> <span class='ocrx_word' id='word_1_133' title='bbox 1101 2857 1232 2928; x_wconf 81' lang='lat' dir='ltr'><strong>exteris</strong></span> <span class='ocrx_word' id='word_1_134' title='bbox 1250 2857 1343 2930; x_wconf 91' lang='lat' dir='ltr'><strong>docti</strong></span> 
     </span>
     <span class='ocr_line' id='line_1_21' title="bbox 225 2983 557 3076; baseline 0 -22"><span class='ocrx_word' id='word_1_135' title='bbox 225 2983 290 3054; x_wconf 87' lang='lat' dir='ltr'><strong>viri</strong></span> <span class='ocrx_word' id='word_1_136' title='bbox 311 2984 557 3076; x_wconf 85' lang='lat' dir='ltr'><strong>sejunxerunt.</strong></span> 
     </span>
    </p>

    <p class='ocr_par' dir='ltr' id='par_1_4' title="bbox 224 3108 1344 3590">
     <span class='ocr_line' id='line_1_22' title="bbox 273 3108 1344 3204; baseline 0.001 -26"><span class='ocrx_word' id='word_1_137' title='bbox 273 3109 411 3202; x_wconf 83' lang='lat' dir='ltr'><strong>Duplex</strong></span> <span class='ocrx_word' id='word_1_138' title='bbox 436 3109 614 3180; x_wconf 86' lang='lat' dir='ltr'><strong>exstitisse</strong></span> <span class='ocrx_word' id='word_1_139' title='bbox 641 3108 989 3204; x_wconf 83' lang='lat' dir='ltr'><strong>gymnasiarchorum</strong></span> <span class='ocrx_word' id='word_1_140' title='bbox 1026 3133 1158 3204; x_wconf 89' lang='lat' dir='ltr'><strong>genus,</strong></span> <span class='ocrx_word' id='word_1_141' title='bbox 1190 3129 1344 3181; x_wconf 88' lang='lat' dir='ltr'><strong>romanae</strong></span> 
     </span>
     <span class='ocr_line' id='line_1_23' title="bbox 224 3234 1340 3327; baseline -0.002 -23"><span class='ocrx_word' id='word_1_142' title='bbox 224 3234 347 3306; x_wconf 88' lang='lat' dir='ltr'><strong>saltem</strong></span> <span class='ocrx_word' id='word_1_143' title='bbox 369 3234 619 3307; x_wconf 89' lang='lat' dir='ltr'><strong>dominationis</strong></span> <span class='ocrx_word' id='word_1_144' title='bbox 642 3245 822 3327; x_wconf 84' lang='lat' dir='ltr'><strong>tempore,</strong></span> <span class='ocrx_word' id='word_1_145' title='bbox 850 3235 980 3306; x_wconf 87' lang='lat' dir='ltr'><strong>Boeckh</strong></span> <span class='ocrx_word' id='word_1_146' title='bbox 1000 3236 1199 3323; x_wconf 80' lang='lat' dir='ltr'><strong>existimat3</strong></span> <span class='ocrx_word' id='word_1_147' title='bbox 1232 3255 1340 3304; x_wconf 92' lang='lat' dir='ltr'><strong>unum</strong></span> 
     </span>
     <span class='ocr_line' id='line_1_24' title="bbox 224 3356 1342 3458; baseline -0.003 -28"><span class='ocrx_word' id='word_1_148' title='bbox 224 3358 461 3453; x_wconf 88' lang='lat' dir='ltr'><strong>epheborum,</strong></span> <span class='ocrx_word' id='word_1_149' title='bbox 484 3360 632 3430; x_wconf 88' lang='lat' dir='ltr'><strong>alterum</strong></span> <span class='ocrx_word' id='word_1_150' title='bbox 654 3382 842 3454; x_wconf 86' lang='lat' dir='ltr'><strong>puerorum</strong></span> <span class='ocrx_word' id='word_1_151' title='bbox 865 3358 1108 3458; x_wconf 74' lang='grc' dir='ltr'>(γυμνασίαρχος</span> <span class='ocrx_word' id='word_1_152' title='bbox 1125 3371 1186 3430; x_wconf 81' lang='grc' dir='ltr'><strong>τῶν</strong></span> <span class='ocrx_word' id='word_1_153' title='bbox 1206 3356 1342 3455; x_wconf 57' lang='lat' dir='ltr'><strong>lpidam</strong></span> 
     </span>
     <span class='ocr_line' id='line_1_25' title="bbox 224 3481 1344 3590; baseline -0.003 -36"><span class='ocrx_word' id='word_1_154' title='bbox 224 3524 272 3536; x_wconf 90' lang='lat'>—</span> <span class='ocrx_word' id='word_1_155' title='bbox 290 3495 351 3554; x_wconf 79' lang='grc' dir='ltr'><strong>τῶν</strong></span> <span class='ocrx_word' id='word_1_156' title='bbox 370 3481 512 3580; x_wconf 81' lang='grc' dir='ltr'>παίδων)</span> <span class='ocrx_word' id='word_1_157' title='bbox 531 3481 726 3590; x_wconf 66' lang='lat' dir='ltr'><strong>(tphunh</strong></span> <span class='ocrx_word' id='word_1_158' title='bbox 745 3495 863 3556; x_wconf 90' lang='lat' dir='ltr'><strong>autem</strong></span> <span class='ocrx_word' id='word_1_159' title='bbox 884 3485 980 3558; x_wconf 90' lang='lat' dir='ltr'><strong>attici</strong></span> <span class='ocrx_word' id='word_1_160' title='bbox 1000 3485 1061 3578; x_wconf 91' lang='lat' dir='ltr'><strong>qni</strong></span> <span class='ocrx_word' id='word_1_161' title='bbox 1079 3507 1172 3558; x_wconf 89' lang='lat' dir='ltr'><strong>anno</strong></span> <span class='ocrx_word' id='word_1_162' title='bbox 1198 3483 1290 3554; x_wconf 87' lang='lat' dir='ltr'><strong>l860</strong></span> <span class='ocrx_word' id='word_1_163' title='bbox 1308 3483 1344 3552; x_wconf 95' lang='lat' dir='ltr'><strong>in</strong></span> 
     </span>
    </p>
   </div>
   <div class='ocr_carea' id='block_1_4' title="bbox 223 3684 1346 4472">
    <p class='ocr_par' dir='ltr' id='par_1_5' title="bbox 256 3684 987 3752">
     <span class='ocr_line' id='line_1_26' title="bbox 256 3684 987 3752; baseline 0.003 -18"><span class='ocrx_word' id='word_1_164' title='bbox 256 3685 291 3748; x_wconf 89' lang='lat' dir='ltr'><strong>(l)</strong></span> <span class='ocrx_word' id='word_1_165' title='bbox 309 3684 414 3737; x_wconf 87' lang='lat' dir='ltr'><strong>Titulus</strong></span> <span class='ocrx_word' id='word_1_166' title='bbox 426 3688 581 3751; x_wconf 85' lang='lat' dir='ltr'><strong>patarensis.</strong></span> <span class='ocrx_word' id='word_1_167' title='bbox 598 3686 736 3751; x_wconf 84' lang='lat' dir='ltr'><strong>Walpole,</strong></span> <span class='ocrx_word' id='word_1_168' title='bbox 753 3685 865 3745; x_wconf 62' lang='lat' dir='ltr'><strong>frenels,</strong></span> <span class='ocrx_word' id='word_1_169' title='bbox 884 3702 909 3752; x_wconf 93' lang='lat' dir='ltr'><strong>p.</strong></span> <span class='ocrx_word' id='word_1_170' title='bbox 926 3685 987 3738; x_wconf 75' lang='lat'>542:</span> 
     </span>
    </p>

    <p class='ocr_par' dir='ltr' id='par_1_6' title="bbox 348 3775 1037 3842">
     <span class='ocr_line' id='line_1_27' title="bbox 348 3775 1037 3842; baseline 0.006 -16"><span class='ocrx_word' id='word_1_171' title='bbox 348 3777 410 3827; x_wconf 82' lang='grc' dir='ltr'>τόνδ’</span> <span class='ocrx_word' id='word_1_172' title='bbox 426 3779 665 3842; x_wconf 78' lang='grc' dir='ltr'>ὀπαλαιστροφύλαξ</span> <span class='ocrx_word' id='word_1_173' title='bbox 680 3775 811 3841; x_wconf 74' lang='grc' dir='ltr'><strong>Ἀμμώνιος</strong></span> <span class='ocrx_word' id='word_1_174' title='bbox 826 3777 910 3828; x_wconf 73' lang='grc' dir='ltr'>εἵσατο</span> <span class='ocrx_word' id='word_1_175' title='bbox 926 3777 1037 3842; x_wconf 67' lang='lat' dir='ltr'><strong>limpor...</strong></span> 
     </span>
    </p>

    <p class='ocr_par' dir='ltr' id='par_1_7' title="bbox 224 3862 1346 4112">
     <span class='ocr_line' id='line_1_28' title="bbox 257 3862 1346 3930; baseline 0.001 -17"><span class='ocrx_word' id='word_1_176' title='bbox 257 3862 291 3922; x_wconf 77' lang='lat'><strong>(2)</strong></span> <span class='ocrx_word' id='word_1_177' title='bbox 307 3864 340 3913; x_wconf 87' lang='lat' dir='ltr'><strong>Dc</strong></span> <span class='ocrx_word' id='word_1_178' title='bbox 360 3865 460 3930; x_wconf 81' lang='lat' dir='ltr'><strong>ephebia</strong></span> <span class='ocrx_word' id='word_1_179' title='bbox 478 3867 577 3922; x_wconf 79' lang='lat' dir='ltr'><strong>atticis,</strong></span> <span class='ocrx_word' id='word_1_180' title='bbox 599 3881 625 3930; x_wconf 92' lang='lat' dir='ltr'><strong>p.</strong></span> <span class='ocrx_word' id='word_1_181' title='bbox 647 3865 685 3915; x_wconf 81' lang='lat'><strong>49.</strong></span> <span class='ocrx_word' id='word_1_182' title='bbox 708 3864 819 3914; x_wconf 88' lang='lat' dir='ltr'><strong>Servum</strong></span> <span class='ocrx_word' id='word_1_183' title='bbox 834 3863 917 3914; x_wconf 84' lang='lat' dir='ltr'><strong>eliani</strong></span> <span class='ocrx_word' id='word_1_184' title='bbox 936 3870 1083 3916; x_wconf 74' lang='lat' dir='ltr'><strong>memorant</strong></span> <span class='ocrx_word' id='word_1_185' title='bbox 1102 3865 1221 3930; x_wconf 85' lang='lat' dir='ltr'><strong>ephebici</strong></span> <span class='ocrx_word' id='word_1_186' title='bbox 1243 3863 1346 3930; x_wconf 67' lang='lat' dir='ltr'><strong>Spartae</strong></span> 
     </span>
     <span class='ocr_line' id='line_1_29' title="bbox 225 3951 1345 4020; baseline -0.003 -12"><span class='ocrx_word' id='word_1_187' title='bbox 225 3951 308 4016; x_wconf 85' lang='lat' dir='ltr'><strong>ttruti,</strong></span> <span class='ocrx_word' id='word_1_188' title='bbox 326 3955 362 4006; x_wconf 86' lang='lat' dir='ltr'><strong>Le</strong></span> <span class='ocrx_word' id='word_1_189' title='bbox 374 3954 426 4006; x_wconf 85' lang='lat' dir='ltr'><strong>Bas</strong></span> <span class='ocrx_word' id='word_1_190' title='bbox 440 3959 466 4006; x_wconf 89' lang='lat' dir='ltr'><strong>et</strong></span> <span class='ocrx_word' id='word_1_191' title='bbox 478 3954 602 4016; x_wconf 77' lang='lat' dir='ltr'><strong>Foucart,</strong></span> <span class='ocrx_word' id='word_1_192' title='bbox 616 3962 646 4004; x_wconf 90' lang='lat' dir='ltr'><strong>n⁰</strong></span> <span class='ocrx_word' id='word_1_193' title='bbox 659 3953 715 4014; x_wconf 88' lang='lat'>165,</span> <span class='ocrx_word' id='word_1_194' title='bbox 731 3955 912 4020; x_wconf 70' lang='grc' dir='ltr'>παιδισκίωρος,</span> <span class='ocrx_word' id='word_1_195' title='bbox 935 3953 974 4005; x_wconf 84' lang='lat' dir='ltr'><strong>Cl.</strong></span> <span class='ocrx_word' id='word_1_196' title='bbox 988 3954 1154 4020; x_wconf 55' lang='lat' dir='ltr'><strong>Hesychius</strong></span> <span class='ocrx_word' id='word_1_197' title='bbox 1169 3955 1317 4017; x_wconf 78' lang='grc' dir='ltr'>παιδικέως·</span> <span class='ocrx_word' id='word_1_198' title='bbox 1331 3955 1345 4005; x_wconf 87' lang='grc' dir='ltr'><strong>ὁ</strong></span> 
     </span>
     <span class='ocr_line' id='line_1_30' title="bbox 224 4046 574 4112; baseline -0.011 -14"><span class='ocrx_word' id='word_1_199' title='bbox 224 4047 250 4099; x_wconf 71' lang='grc' dir='ltr'><strong>ἰν</strong></span> <span class='ocrx_word' id='word_1_200' title='bbox 263 4049 298 4112; x_wconf 82' lang='grc' dir='ltr'><strong>τῷ</strong></span> <span class='ocrx_word' id='word_1_201' title='bbox 310 4046 437 4112; x_wconf 83' lang='grc' dir='ltr'>γυμνασίῳ</span> <span class='ocrx_word' id='word_1_202' title='bbox 450 4047 574 4110; x_wconf 79' lang='grc' dir='ltr'>ὑπερέτης.</span> 
     </span>
    </p>

    <p class='ocr_par' dir='ltr' id='par_1_8' title="bbox 223 4129 1344 4376">
     <span class='ocr_line' id='line_1_31' title="bbox 257 4129 1343 4200; baseline -0.002 -16"><span class='ocrx_word' id='word_1_203' title='bbox 257 4135 290 4200; x_wconf 87' lang='grc'><strong>(3)</strong></span> <span class='ocrx_word' id='word_1_204' title='bbox 302 4133 370 4185; x_wconf 82' lang='lat' dir='ltr'><strong>Vide</strong></span> <span class='ocrx_word' id='word_1_205' title='bbox 379 4133 489 4192; x_wconf 86' lang='lat' dir='ltr'><strong>Kranse,</strong></span> <span class='ocrx_word' id='word_1_206' title='bbox 503 4132 653 4197; x_wconf 80' lang='lat' dir='ltr'><strong>Gymnostr&#39;lr</strong></span> <span class='ocrx_word' id='word_1_207' title='bbox 662 4133 717 4182; x_wconf 81' lang='lat' dir='ltr'><strong>arrd</strong></span> <span class='ocrx_word' id='word_1_208' title='bbox 727 4131 862 4195; x_wconf 76' lang='lat' dir='ltr'><strong>Aponirtr&#39;lr</strong></span> <span class='ocrx_word' id='word_1_209' title='bbox 873 4132 918 4182; x_wconf 87' lang='lat' dir='ltr'><strong>der</strong></span> <span class='ocrx_word' id='word_1_210' title='bbox 930 4131 1063 4196; x_wconf 82' lang='lat' dir='ltr'><strong>Helleucu,</strong></span> <span class='ocrx_word' id='word_1_211' title='bbox 1072 4147 1100 4197; x_wconf 90' lang='lat' dir='ltr'><strong>p.</strong></span> <span class='ocrx_word' id='word_1_212' title='bbox 1110 4129 1152 4182; x_wconf 84' lang='lat' dir='ltr'><strong>tat</strong></span> <span class='ocrx_word' id='word_1_213' title='bbox 1166 4145 1221 4196; x_wconf 82' lang='lat' dir='ltr'><strong>seq.</strong></span> <span class='ocrx_word' id='word_1_214' title='bbox 1233 4130 1343 4192; x_wconf 69' lang='lat' dir='ltr'><strong>Bneckln</strong></span> 
     </span>
     <span class='ocr_line' id='line_1_32' title="bbox 224 4217 1344 4293; baseline -0.005 -19"><span class='ocrx_word' id='word_1_215' title='bbox 224 4223 321 4290; x_wconf 76' lang='lat' dir='ltr'><strong>corpur</strong></span> <span class='ocrx_word' id='word_1_216' title='bbox 333 4224 412 4274; x_wconf 81' lang='lat' dir='ltr'><strong>lusor.</strong></span> <span class='ocrx_word' id='word_1_217' title='bbox 425 4236 513 4286; x_wconf 74' lang='lat' dir='ltr'><strong>grue..</strong></span> <span class='ocrx_word' id='word_1_218' title='bbox 525 4222 558 4272; x_wconf 91' lang='lat' dir='ltr'><strong>ad</strong></span> <span class='ocrx_word' id='word_1_219' title='bbox 573 4229 602 4271; x_wconf 81' lang='lat' dir='ltr'><strong>n⁰</strong></span> <span class='ocrx_word' id='word_1_220' title='bbox 614 4220 669 4272; x_wconf 75' lang='lat'><strong>202.</strong></span> <span class='ocrx_word' id='word_1_221' title='bbox 688 4220 888 4285; x_wconf 86' lang='lat' dir='ltr'><strong>Ditteuberger‚</strong></span> <span class='ocrx_word' id='word_1_222' title='bbox 905 4221 938 4270; x_wconf 81' lang='lat' dir='ltr'><strong>lle</strong></span> <span class='ocrx_word' id='word_1_223' title='bbox 954 4219 1054 4290; x_wconf 82' lang='lat' dir='ltr'><strong>ephebis</strong></span> <span class='ocrx_word' id='word_1_224' title='bbox 1066 4220 1164 4281; x_wconf 79' lang='lat' dir='ltr'><strong>atticis,</strong></span> <span class='ocrx_word' id='word_1_225' title='bbox 1186 4233 1213 4293; x_wconf 89' lang='lat' dir='ltr'><strong>p.</strong></span> <span class='ocrx_word' id='word_1_226' title='bbox 1229 4218 1271 4278; x_wconf 82' lang='lat' dir='ltr'><strong>th,</strong></span> <span class='ocrx_word' id='word_1_227' title='bbox 1290 4219 1302 4290; x_wconf 62' lang='lat' dir='ltr'><strong>l</strong></span> <span class='ocrx_word' id='word_1_228' title='bbox 1320 4217 1344 4274; x_wconf 79' lang='lat' dir='ltr'><strong>l.</strong></span> 
     </span>
     <span class='ocr_line' id='line_1_33' title="bbox 223 4309 676 4376; baseline -0.007 -13"><span class='ocrx_word' id='word_1_229' title='bbox 223 4309 354 4369; x_wconf 74' lang='lat' dir='ltr'><strong>bumont,</strong></span> <span class='ocrx_word' id='word_1_230' title='bbox 370 4325 412 4376; x_wconf 91' lang='lat' dir='ltr'><strong>op.</strong></span> <span class='ocrx_word' id='word_1_231' title='bbox 426 4311 507 4368; x_wconf 79' lang='lat' dir='ltr'><strong>laud,</strong></span> <span class='ocrx_word' id='word_1_232' title='bbox 520 4327 546 4376; x_wconf 92' lang='lat' dir='ltr'><strong>p.</strong></span> <span class='ocrx_word' id='word_1_233' title='bbox 560 4309 607 4360; x_wconf 79' lang='lat' dir='ltr'><strong>tte</strong></span> <span class='ocrx_word' id='word_1_234' title='bbox 621 4324 676 4374; x_wconf 83' lang='lat' dir='ltr'><strong>seq.</strong></span> 
     </span>
    </p>

    <p class='ocr_par' dir='ltr' id='par_1_9' title="bbox 256 4397 794 4472">
     <span class='ocr_line' id='line_1_34' title="bbox 256 4397 794 4472; baseline 0.002 -22"><span class='ocrx_word' id='word_1_235' title='bbox 256 4400 290 4472; x_wconf 82' lang='grc'><strong>(4)</strong></span> <span class='ocrx_word' id='word_1_236' title='bbox 307 4399 376 4450; x_wconf 84' lang='lat' dir='ltr'><strong>Vide</strong></span> <span class='ocrx_word' id='word_1_237' title='bbox 389 4401 484 4472; x_wconf 80' lang='lat' dir='ltr'><strong>Corpus</strong></span> <span class='ocrx_word' id='word_1_238' title='bbox 496 4399 576 4450; x_wconf 81' lang='lat' dir='ltr'><strong>iocor.</strong></span> <span class='ocrx_word' id='word_1_239' title='bbox 587 4412 672 4472; x_wconf 48' lang='lat' dir='ltr'><strong>pree„</strong></span> <span class='ocrx_word' id='word_1_240' title='bbox 684 4399 734 4450; x_wconf 88' lang='lat' dir='ltr'><strong>loe.</strong></span> <span class='ocrx_word' id='word_1_241' title='bbox 748 4397 794 4458; x_wconf 77' lang='lat' dir='ltr'><strong>cil,</strong></span> 
     </span>
    </p>
   </div>
   <div class='ocr_carea' id='block_1_5' title="bbox 0 0 1750 5404">
    <p class='ocr_par' dir='ltr' id='par_1_10' title="bbox 0 0 1750 5404">
     <span class='ocr_line' id='line_1_35' title="bbox 0 0 1750 5404; baseline 0 0"><span class='ocrx_word' id='word_1_242' title='bbox 0 0 1750 5404; x_wconf 95' lang='lat' dir='ltr'><strong> </strong></span> 
     </span>
    </p>
   </div>
  </div>
 </body>
</html>
