3492 5404
778 1365 915 1440 CAPUT
939 1365 1160 1452 QUARTUM.

655 1650 700 1703 DE
722 1647 926 1702 canendnum
948 1635 1283 1705 n‘xnttctrnrtortlans

853 1889 865 1948 ἕ
882 1891 905 1936 l.
920 1911 950 1924 -
964 1886 997 1936 lle
1010 1885 1090 1938 sacris.

461 2115 554 2187 inter
583 2113 701 2187 omnia
730 2113 846 2186 studia
873 2113 1003 2207 quibus
1032 2112 1209 2185 vacabant
1242 2113 1392 2209 ephebi,
1427 2115 1532 2188 nullis

413 2241 581 2332 majorem
600 2261 719 2312 curam
739 2239 934 2334 impensam
956 2239 1066 2312 luisse
1084 2248 1249 2334 apparel,
1270 2261 1375 2333 qnam
1394 2240 1436 2312 iis
1451 2263 1532 2334 quaa

412 2367 456 2437 ad
470 2365 670 2461 peragenda
683 2363 863 2458 religionis
877 2384 977 2435 sacra
990 2364 1192 2436 attinerent.
1209 2363 1311 2448 Quod
1333 2365 1437 2459 plane
1450 2386 1531 2437 cum

413 2489 576 2586 ephebiae
596 2488 784 2574 institutis,
807 2509 888 2581 quae
906 2486 1077 2560 hactenus
1099 2488 1378 2582 descripsimus,
1389 2511 1534 2562 consen·

414 2624 555 2687 laneum
575 2601 655 2686 esse
675 2613 829 2685 videtur.
851 2613 937 2683 Nam
959 2613 1154 2684 incivitate
1172 2613 1334 2706 antiqua,
1352 2615 1411 2707 jus
1433 2635 1533 2688 sacra

413 2739 633 2833 exsequendi
660 2761 803 2834 prorsus
825 2760 904 2810 cum
922 2739 1003 2831 jure
1023 2738 1120 2811 civili
1141 2739 1315 2830 cohaeret3
1343 2739 1532 2833 diligenter

413 2875 559 2936 cavetur
591 2864 744 2957 nequis
775 2863 980 2958 peregrinus
1017 2863 1118 2956 quasi
1153 2865 1292 2958 impura
1320 2866 1531 2959 contagione

355 2977 357 2982 ’
413 2990 561 3084 patriam
592 2989 798 3081 religionem
833 2988 1065 3079 contaminet3
1100 3008 1218 3082 neque
1254 2989 1419 3083 cuiquam
1452 2990 1535 3062 licet

415 3115 539 3186 ritibus
559 3115 747 3202 interesse,
770 3115 837 3187 nisi
853 3115 900 3186 sit
916 3115 1091 3206 ingennus
1102 3167 1112 3204 ,
1131 3123 1167 3187 et
1183 3113 1304 3186 liberis
1324 3116 1531 3209 parentibus

413 3240 597 3311 oriundus.
629 3239 744 3323 Quare
766 3241 829 3312 vix
852 3241 887 3309 in
907 3239 1093 3332 collegium
1114 3239 1278 3310 admissis
1297 3240 1532 3314 adolescenti·

414 3365 502 3451 bns,
532 3365 681 3459 primum
717 3387 844 3436 munus
875 3363 1027 3435 occurrit
1059 3363 1195 3434 discere
1228 3366 1409 3457 quomodo
1446 3364 1533 3438 fiant

413 3491 510 3562 cives
528 3490 708 3584 religionis
728 3490 852 3584 periti,
881 3499 916 3561 et
938 3488 983 3559 ad
1002 3488 1202 3583 peragenda
1224 3511 1313 3584 pure
1334 3511 1435 3562 sacra
1455 3490 1532 3564 ido-

414 3615 489 3706 nei;
511 3637 627 3709 neque
646 3614 790 3707 longum
811 3624 950 3707 tempus
971 3614 1049 3685 sire
1067 3613 1268 3687 comitando
1292 3636 1439 3710 pompas
1462 3615 1531 3688 sol-

413 3741 536 3812 lennes
550 3795 559 3829 ,
573 3741 651 3813 sive
662 3749 778 3836 partes
791 3739 826 3809 in
839 3759 937 3811 sacra
953 3738 1092 3832 agendo
1111 3759 1172 3812 eos
1186 3739 1330 3812 trivisse
1344 3741 1531 3834 quisquam

296 3963 298 3966 ·
413 3864 633 3937 infitiabitur.
646 3864 738 3950 Quid
757 3865 852 3958 quod
873 3863 959 3936 nihil
978 3862 1157 3956 antiquius
1177 3863 1316 3937 civibus
1337 3886 1417 3938 esse
1432 3874 1531 3960 pote·

413 4001 487 4077 rat,
519 3972 624 4082 qnam
648 3989 799 4080 juvenes
829 3988 942 4083 primo
966 3986 1079 4058 aetatis
1107 3985 1193 4059 llore
1218 3988 1319 4080 quasi
1348 3988 1529 4078 nitentes,

413 4112 535 4183 habitu
556 4113 727 4201 eximios,
755 4123 791 4184 et
810 4110 956 4207 pulchro
976 4110 1100 4184 ordine
1125 4112 1338 4206 compositos
1366 4112 1401 4182 in
1429 4111 1531 4184 caeri·

414 4238 549 4310 monias
578 4239 690 4331 primo
714 4237 791 4310 loco
814 4236 1017 4324 admittere,
1054 4245 1091 4306 ut
1117 4245 1217 4328 grato
1237 4235 1305 4308 diis
1324 4236 1528 4331 spectaculo

414 4361 583 4435 sollennis
602 4383 729 4458 pompa
749 4362 987 4435 decoraretur.
1008 4359 1111 4445 Quod
1130 4360 1239 4458 igitur
1257 4383 1303 4434 ex
1316 4361 1400 4457 ipsa
1415 4383 1533 4436 rerum
