3492 5404
674 487 835 555 ...39-

196 653 213 696 u
242 627 393 719 lentem,
415 629 555 723 qualem
575 628 796 722 acceperint,
820 627 1019 719 relinquant
1035 623 1165 722 (l)...‘t
1187 654 1203 693 n
1225 628 1311 700 Ver·

193 753 359 846 gentibus
394 765 511 825 autem
550 752 715 839 saeculis,
752 771 860 844 quum
899 770 1025 842 graecae
1066 749 1227 820 civitates
1266 749 1310 820 ad

193 878 404 950 servitutem
437 879 614 983 delapsae,
647 875 778 949 fictitiae
815 887 948 946 tantum
982 874 1151 945 libertatis
1183 896 1311 946 nomen

191 1003 326 1094 jactant
342 1015 377 1075 et
395 1003 647 1090 ementiuntur,
670 1001 789 1072 fictitia
811 1011 846 1072 et
866 1001 940 1094 ipsa
960 1000 1117 1070 evadunt
1134 999 1246 1070 civica
1260 1001 1310 1071 ol-

195 1126 287 1200 ficia.
305 1129 463 1202 lllilitaris
476 1128 682 1201 exercitatio
696 1128 747 1198 ad
757 1126 1042 1230 ostentationem,
1063 1146 1132 1196 non
1149 1127 1192 1196 ad
1211 1149 1311 1196 usum
1365 1168 1370 1179 ·

194 1237 502 1344 accommodatum
521 1265 557 1325 et
570 1253 661 1325 sicut
677 1253 834 1325 obsoleta
856 1273 933 1322 esse
952 1251 1188 1344 comperimus
1209 1250 1244 1320 in
1265 1261 1313 1320 at·

194 1379 264 1452 tico
283 1380 432 1472 collegio
457 1379 574 1450 studia
594 1377 782 1466 militaria,
802 1375 854 1448 sic
878 1376 911 1447 in
932 1375 1117 1470 peregrina
1137 1375 1311 1469 ephebia,

195 1527 265 1575 noo
287 1504 452 1576 ineuudae
469 1505 624 1596 militiae,
645 1503 708 1575 sed
735 1501 925 1574 exercendi
951 1503 1108 1593 corporis
1127 1521 1233 1571 causa
1259 1522 1314 1572 re·

194 1628 364 1700 licentur.
387 1627 479 1699 Nihil
500 1629 593 1699 enirn
614 1637 775 1721 superest
794 1647 857 1697 cur
876 1625 1028 1716 juvenes
1050 1625 1228 1696 incastris
1251 1625 1313 1697 ob·

195 1754 349 1842 durent,
368 1765 404 1826 et
424 1754 526 1826 vacui
544 1766 626 1826 suut
649 1754 827 1826 exercitus
850 1751 1009 1824 ordines.

245 1879 331 1963 Quae
358 1900 404 1951 ex
426 1879 534 1950 titulis
554 1879 837 1974 deprompsimus
857 1877 1091 1966 documenta,
1120 1877 1314 1972 praesertim

196 2004 241 2076 nd
257 2005 406 2098 collegia
422 2005 619 2093 llesseniae,
640 2004 812 2093 Lacouiae,
832 2014 867 2074 et
885 2005 1031 2077 Boeotiae
1052 2004 1241 2098 pertinent.
1264 2005 1315 2077 De

196 2131 325 2204 ceteris
344 2131 567 2222 civitatibus,
589 2131 675 2201 nihil
700 2131 810 2203 lerme
830 2152 893 2202 uos
919 2131 1047 2203 docent
1072 2130 1219 2223 lapides.
1247 2130 1314 2201 lle·

197 2267 396 2328 rumtamen
410 2311 422 2346 ,
447 2279 555 2351 quum
588 2257 754 2329 nonnulla
779 2257 950 2349 collegia,
977 2256 1152 2351 praecipue
1175 2255 1315 2350 Cyzico·

197 2403 304 2468 num,
325 2379 472 2471 Chium,
495 2391 530 2452 et
553 2381 697 2469 Teium,
718 2380 853 2474 aliquid
873 2403 920 2452 ex
937 2381 1051 2452 atticis
1072 2379 1229 2453 moribus
1247 2381 1315 2452 sibi

197 2505 395 2578 detraxisse
416 2507 616 2596 videantur,
631 2507 710 2580 licet
725 2508 807 2578 iude
826 2507 956 2578 iulerre
976 2529 1044 2579 nou
1062 2507 1251 2580 dissimiles
1270 2509 1315 2578 ab

197 2629 312 2704 atticis
332 2631 441 2724 leges,
460 2632 556 2725 quod
573 2632 618 2703 ad
637 2633 771 2704 exitum
792 2655 839 2705 ex
858 2633 1007 2728 ephebia
1025 2645 1172 2728 spectat,
1192 2655 1315 2728 supra·

198 2755 310 2828 dictas
328 2756 490 2830 civitates
511 2779 699 2852 usurpasse
717 2755 786 2854 (2).

245 2880 355 2966 Quam
387 2882 653 2956 similitudinem
682 2883 824 2954 uberius
856 2905 1058 2978 exponere,
1091 2885 1136 2956 ab
1168 2885 1334 2984 hujusce,

198 3007 503 3080 commentationis
539 3009 717 3104 proposito
750 3007 897 3080 nimium
930 3009 1162 3101 abhorreret;
1200 3032 1315 3104 neque

197 3145 336 3227 gratum
357 3146 450 3206 esset
472 3135 573 3208 uobis
599 3136 804 3229 pervulgata
823 3136 868 3206 ab
891 3135 990 3224 aliis,
1013 3157 1150 3207 summa
1169 3137 1314 3230 quidem

198 3257 401 3352 diligentia,
423 3271 594 3354 repetere.
617 3261 690 3332 Hoc
711 3272 844 3331 tautum
869 3261 1108 3355 suscepimus,
1133 3283 1214 3354 quae
1234 3282 1314 3356 pro·

197 3385 274 3480 pria
291 3395 471 3458 exstarent
490 3395 690 3459 exterorum
708 3387 935 3479 collegiorum
954 3387 1126 3473 instituta,
1145 3399 1179 3458 et
1197 3398 1318 3480 quate·
1420 3473 1423 3480 ,

199 3530 279 3600 nus,
298 3533 360 3605 pro
374 3512 545 3605 cujusque
564 3512 716 3585 civitatis
731 3513 887 3607 ingenio,
906 3515 1006 3608 quasi
1030 3514 1197 3609 peculiari
1213 3513 1316 3607 signo
1381 3542 1385 3550 ·

198 3633 350 3707 discreta
369 3635 518 3728 luerint,
538 3637 727 3710 illustrare.

231 3889 266 3958 (l)
282 3911 295 3937 α
310 3926 335 3943 ...
350 3888 442 3957 bourn
452 3893 479 3944 dl
488 3894 531 3943 act
541 3894 602 3960 ὑπὲρ
614 3893 686 3960 ῐιρῶν
698 3894 740 3943 καὶ
751 3891 828 3960 [ὑπὲρ]
841 3889 914 3944 ὁσίων
927 3893 969 3945 καὶ
983 3895 1055 3960 μόνος
1069 3893 1111 3945 καὶ
1124 3895 1187 3959 ptr&
1201 3897 1314 3946 πολλῶν·

198 3988 242 4045 τῆν
256 3981 364 4050 πατρίδα
378 3983 406 4033 δὲ
418 3983 463 4033 οὐκ
476 3983 570 4035 ἐλάττω
588 3985 744 4050 παραδώσω,
759 3983 835 4034 πλείω
849 3985 929 4035 δὲκαὶ
947 3985 1037 4050 ἀρείω.
1059 3986 1119 4044 ὅσην
1134 3987 1163 4036 ἂν
1174 3987 1316 4052 turpabitur·

201 4088 253 4138 μαι.
268 4090 280 4115 u
295 4069 425 4132 Stobaeus,
442 4070 540 4131 XLlll,
555 4071 594 4122 48.
607 4071 712 4128 Pollux.
729 4069 804 4132 Vlll,
814 4087 840 4134 p.
858 4071 909 4121 105.
926 4071 1063 4136 Lycurgus
1077 4092 1082 4121 :
1098 4074 1124 4123 C.
1138 4074 1229 4134 tener..
1248 4076 1260 4137 l
1276 4072 1315 4123 77.

231 4157 266 4224 (t)
282 4155 351 4210 Vide
365 4156 497 4222 Dumont,
513 4174 555 4224 op.
570 4159 651 4222 laud„
667 4161 710 4212 cb.
724 4159 778 4221 111,
793 4158 806 4226 fl
823 4157 850 4221 1,
866 4161 908 4211 les
922 4158 970 4210 lois
981 4159 1137 4226 dpbtlriques.
