3492 5404
898 523 1058 586 ..26-

419 673 695 738 consentaneum
714 671 768 734 est
789 661 957 756 populum
978 681 1035 732 res
1052 679 1116 754 per
1138 679 1270 730 annum
1290 668 1407 750 gestas
1425 655 1535 751 inspi-

419 811 514 880 cere,
530 799 566 860 et
580 789 729 860 sollenni
747 787 890 860 decreto
903 785 1059 880 ephebos
1075 783 1234 872 laudare,
1251 783 1281 855 si
1295 783 1428 853 κατὰτὸ
1441 784 1536 856 aoth·

384 943 387 949 ·
418 942 471 984 κον
498 912 549 1009 (ut
573 914 668 985 attici
695 912 835 1005 collegii
861 910 1045 984 formulam
1074 906 1260 1005 usurpem)
1286 908 1403 980 omnia
1422 906 1535 1002 perle-

420 1048 557 1109 cerunt.
1227 1102 1230 1108 .

468 1161 560 1254 Ergo
578 1159 645 1232 boc
662 1159 813 1254 primum
833 1159 944 1230 asseri
969 1167 1104 1255 potest,
1127 1156 1378 1251 rempublicam
1398 1174 1535 1227 summa

420 1284 603 1378 diligentia
619 1305 691 1374 res,
705 1285 865 1355 instituta
885 1295 921 1354 et
940 1282 1211 1354 exercitationes
1227 1281 1444 1376 epheborum
1457 1301 1537 1374 pro·

419 1418 576 1482 secutam
596 1430 688 1480 esse.
709 1409 809 1480 Nunc
835 1418 942 1480 restat
968 1421 1007 1479 ut
1030 1407 1125 1501 ipsas
1149 1405 1287 1499 collegii
1313 1407 1410 1500 leges
1434 1426 1537 1478 acon·

419 1545 495 1606 rate
511 1555 692 1630 exponere
710 1533 974 1627 aggrediamur.

467 1660 503 1732 Si
521 1660 641 1732 titulos
660 1659 752 1731 inter
769 1681 809 1730 se
823 1660 1069 1748 conferamus,
1088 1678 1140 1729 eae
1159 1667 1243 1730 sunt
1260 1657 1476 1752 quaestiones
1492 1641 1538 1729 de

419 1784 548 1879 quibus
569 1785 653 1856 novi
672 1784 807 1878 aliquid
826 1805 951 1856 eruere
974 1783 1185 1855 valebimus.
1208 1781 1243 1852 l⁰
1258 1781 1394 1867 Quibus
1413 1781 1535 1856 condi-

420 1909 575 1981 tionibus
587 1909 745 2001 juveniS,
766 1909 984 2004 epheborum
1002 1930 1151 1982 numero
1160 1908 1233 2000 jam
1253 1907 1534 1999 adscribendus,

420 2033 623 2106 satisfacere
642 2033 803 2107 deberet.
828 2032 867 2107 2⁰
887 2034 953 2105 Per
974 2045 1145 2127 quantum
1167 2042 1305 2127 tempus
1325 2032 1484 2128 ephebus
1503 2033 1538 2103 in

420 2158 570 2253 collegio
591 2169 761 2235 maneret.
787 2160 824 2228 3⁰
842 2159 1046 2249 Quomodo,
1072 2170 1191 2253 etqua
1212 2158 1361 2231 lormula
1381 2159 1540 2252 ephebus

421 2285 610 2380 ecollegio
627 2288 727 2358 exire
746 2285 936 2357 diceretur.
958 2285 1008 2356 lta
1028 2285 1208 2379 dispositis
1221 2286 1408 2381 capitibus,
1423 2285 1541 2376 cujus·

421 2429 491 2502 que
510 2411 694 2482 materiam
715 2409 841 2482 ordine
855 2409 1081 2502 attingemus.

688 2685 701 2743 5
717 2683 735 2734 1.
755 2709 785 2722 -
800 2681 833 2734 lle
848 2680 1018 2734 conditionibus
1034 2681 1155 2746 ephebiam
1171 2681 1273 2734 ineundi.

470 2900 505 2972 Si
522 2898 602 2995 quis
617 2900 768 2995 primum
789 2900 952 2994 exquirat
968 2921 1038 2993 qua
1050 2909 1155 2972 aetate
1163 2900 1307 2992 juvenis
1323 2899 1424 2973 lieret
1438 2899 1543 2996 ephe·

421 3026 511 3114 bus,
535 3026 639 3119 plane
659 3007 831 3118 intelliget
849 3025 943 3097 hunc
967 3024 1173 3118 quaestionis
1195 3026 1326 3098 nodum
1347 3025 1543 3098 arctissime

420 3171 502 3222 cum
521 3150 633 3222 altero
649 3148 851 3221 coherere:
870 3149 1003 3221 scilicet
1020 3170 1088 3242 qua
1106 3159 1210 3220 aetate
1225 3149 1378 3241 juvenes
1398 3149 1543 3243 ingenui

422 3273 534 3345 civica
551 3274 633 3366 jura
651 3283 877 3367 capesserent
898 3270 967 3370 (l).
989 3274 1121 3368 Nempe
1138 3273 1298 3369 ephebus
1310 3327 1321 3364 ,
1347 3274 1410 3346 vix
1431 3296 1452 3346 e
1470 3273 1542 3346 col·
1587 3261 1589 3266 ’

454 3528 488 3594 (1)
503 3527 569 3580 Haec
580 3528 694 3592 quaestio
707 3529 867 3593 perobscura
879 3531 932 3601 est5
948 3531 974 3578 et
989 3528 1052 3578 inde
1066 3527 1206 3580 difficultas
1219 3528 1312 3592 oritur,
1329 3529 1400 3594 quod
1411 3543 1467 3581 non
1480 3530 1545 3582 setis

422 3621 547 3670 accurate
561 3618 643 3682 vulgo
657 3616 831 3682 distinguitur
844 3630 904 3681 quae
918 3617 951 3668 ad
967 3617 1076 3668 atticam
1092 3618 1244 3682 ephebiam,
1259 3631 1319 3683 quae
1331 3619 1365 3670 ad
1378 3621 1545 3684 peregrinam

421 3707 588 3771 pertineantz
613 3719 699 3770 neque
713 3706 778 3757 satis
797 3707 881 3771 liquet
894 3706 928 3756 ad
946 3705 1016 3771 quod
1032 3708 1159 3770 temporis
1175 3707 1290 3772 spatium
1304 3721 1416 3772 quaeque
1429 3709 1545 3774 scripto·

421 3808 483 3846 rum
494 3795 646 3848 testimonla
657 3796 712 3846 sint
723 3795 870 3846 referenda.
881 3794 958 3857 Quod
967 3795 1001 3846 cd
1015 3797 1123 3848 nomina
1134 3802 1251 3862 spectat,
1261 3799 1358 3863 quibus
1366 3800 1472 3864 juvenis
1481 3803 1545 3850 ante

424 3885 563 3949 ephebiam
581 3885 778 3950 designaretur,
800 3885 1065 3937 animadvertendum
1078 3890 1120 3937 est
1139 3888 1214 3938 varia
1234 3889 1379 3952 vocabule,
1396 3903 1445 3955 pro
1463 3889 1546 3941 variis

421 3972 590 4031 civitatibus.
607 3975 706 4040 saeplus
720 3973 791 4024 idem
802 3975 927 4026 valuisse.
939 3973 1028 4036 Quare
1038 3988 1092 4026 non
1104 3976 1155 4026 erit
1165 3989 1391 4040 supervacaneum
1400 3992 1547 4030 memorare

422 4062 519 4127 quibus
532 4064 701 4124 nominibus,
716 4068 792 4115 extre
804 4062 937 4124 Atticam,
951 4065 1021 4115 varii
1033 4063 1121 4116 aetatis
1131 4065 1231 4129 gradus
1243 4067 1315 4131 apud
1325 4066 1434 4120 (lraecos
1446 4069 1547 4120 fuerint

423 4149 539 4203 discreti.
551 4153 630 4216 Apud
646 4153 779 4212 bacones,
792 4155 868 4218 pueri
879 4157 912 4204 ab
922 4147 1036 4204 inlantia
1045 4156 1153 4206 nomina
1166 4161 1310 4222 usurpant,
1323 4173 1436 4223 quorum
1450 4160 1547 4210 seriem

422 4241 555 4292 novimus.
576 4241 669 4292 Unum
683 4256 782 4294 annum
794 4247 886 4299 natus.
899 4246 1010 4294 vocatur
1024 4244 1143 4310 ῥωὸίδας,
1158 4245 1227 4304 duo,
1242 4249 1462 4314 προκομιζόμινοςς
1477 4253 1546 4309 uss,

423 4332 589 4396 μικιζόμενοςς
603 4337 725 4397 quatuor,
734 4334 854 4401 πρόπαιςς
867 4333 998 4397 quinque,
1011 4338 1086 4396 παϊςς
1101 4348 1163 4393 sex.
1177 4337 1317 4403 μιλλιίρηνς
1330 4339 1447 4403 ephebus
1458 4343 1547 4389 eutem

422 4417 453 4470 nt
464 4434 480 4469 a
492 4423 709 4484 quatuordecimo
721 4437 792 4475 anno
804 4437 888 4488 usque
900 4423 934 4474 ad
948 4423 1109 4488 vigesimum
1125 4423 1210 4489 (Vide
1223 4442 1229 4474 τ
1240 4425 1344 4480 Glossoe
1355 4427 1546 4488 Burobusten.
