3492 5404
924 589 1085 651 ...42-

493 730 659 826 Sequenti
679 741 796 803 autern
816 738 920 802 aetate
932 783 942 819 ,
964 728 1052 801 alios
1071 748 1216 821 quoque
1237 727 1463 800 offendimus,
1537 697 1538 700 Ἴ

591 848 851 950 ὑποπαιδοτρίὲης

592 981 819 1076 ἀντικοομῆτης

592 1105 845 1200 ὑπογραμματεύς

592 1231 858 1325 ἀντιγραμματεύς

591 1359 713 1450 ἡγεμών
818 1421 819 1424 ,

592 1473 800 1573 κεστροφύλαὶ

591 1597 777 1683 διδάσκαλος

590 1731 760 1825 λεντιοίριος

590 1855 766 1952 προστάτης

592 1981 716 2076 θυρωρός

592 2099 775 2200 ὑποζάκορος

590 2228 737 2324 καψοίριος

595 2357 695 2449 ἰατρός

494 2479 595 2550 Haud
614 2478 661 2549 ita
678 2488 807 2550 certam
831 2478 1099 2570 magistratuum
1120 2488 1156 2550 at
1175 2477 1415 2551 ministrorum
1435 2477 1562 2550 seriem

443 2605 556 2678 exteri
579 2603 669 2674 tituli
689 2603 872 2696 praebent,
895 2623 1011 2695 nequa
1031 2624 1233 2674 asseremus
1254 2617 1353 2674 extra
1372 2602 1521 2674 Atticam
1542 2625 1563 2674 e

444 2739 496 2802 tot
511 2728 671 2823 personis
685 2727 833 2819 collegia
850 2728 1063 2800 constitisse.
1079 2728 1169 2798 Nihii
1191 2751 1275 2821 ergo
1290 2729 1387 2801 atiud
1402 2751 1560 2821 agemus

442 2873 550 2948 quam
570 2853 729 2947 dispersa
749 2851 818 2922 huc
837 2852 919 2922 illuc
941 2853 1141 2924 testimonia
1161 2853 1340 2946 colligere.

494 2972 698 3073 Παιδοτριὸἤς
715 2973 730 3071 <
738 2976 825 3048 Vide
846 2979 970 3069 Corpus
990 2979 1087 3050 aaa.
1107 3000 1230 3070 proc,
1253 2987 1291 3048 n⁰
1312 2974 1419 3048 nott.
1446 2977 1559 3047 iiiam.

443 3101 533 3174 ibid.
548 3112 586 3172 οο
597 3099 722 3196 3620).
736 3101 967 3173 Paedotribam
986 3103 1247 3196 lampsacenum
1264 3102 1367 3173 simul
1384 3125 1462 3174 cum
1480 3123 1562 3194 ago-

444 3227 587 3300 notheta
604 3226 790 3298 denuntiat
804 3225 925 3298 titulus
942 3227 1078 3298 dicatus
1091 3229 1136 3298 ab
1151 3227 1377 3299 adolescente
1391 3225 1559 3320 quodam,

445 3349 505 3443 qni
526 3349 707 3421 victoriam
729 3348 874 3420 inludis
895 3371 1083 3442 puerorum
1105 3352 1311 3454 reportavit.
1330 3350 1441 3420 Simiii
1458 3349 1563 3421 ruodo

444 3473 480 3543 in
498 3473 615 3567 lapide
634 3473 735 3544 iliaco
757 3473 971 3545 nominatur.

494 3599 543 3670 De
568 3597 773 3693 paedotribae
792 3598 888 3669 attici
911 3598 1036 3670 officiis
1058 3601 1206 3672 muitum
1234 3600 1468 3695 disceptatum
1488 3611 1561 3685 est,

345 3809 348 3818 .
443 3745 549 3817 quem
571 3723 729 3796 nonnulli
752 3723 800 3794 rei
818 3725 1048 3818 gymnasticae
1068 3735 1320 3819 praeceptorem
1341 3748 1418 3797 esse
1439 3725 1562 3796 volue-

444 3859 526 3920 runt
543 3846 612 3945 (t)
633 3848 773 3919 Constat
792 3860 909 3919 autem
930 3871 1010 3919 eum
1032 3872 1102 3921 non
1123 3851 1263 3944 proprie
1281 3850 1438 3948 ephebos
1455 3871 1558 3922 exer·

443 3974 578 4063 cuisse,
600 3974 663 4045 sed
679 3975 805 4046 ceteris
825 3975 1019 4067 magistris,
1044 3976 1148 4068 quasi
1167 3976 1445 4064 moderatorem,
1474 3995 1562 4068 prae-

443 4099 574 4189 fuisse,
602 4109 636 4171 et
658 4121 714 4172 ras
738 4099 875 4192 collegii
901 4122 972 4173 non
999 4121 1060 4193 per
1086 4111 1193 4171 unum
1214 4121 1375 4189 annum,
1398 4107 1564 4172 cosmetae

474 4407 509 4474 (Ι)
526 4403 594 4463 tata
607 4405 806 4476 Ditteuberger,
825 4407 859 4463 De
870 4404 971 4477 ephebis
985 4409 1084 4474 atticis,
1100 4427 1125 4478 p.
1141 4407 1180 4465 34.
1193 4410 1280 4465 Aliter
1293 4407 1326 4466 da
1338 4409 1494 4480 paedotribae
1506 4405 1563 4462 ofli-

444 4502 493 4551 ciis
507 4507 595 4552 censet
611 4503 642 4551 Α.
660 4501 790 4562 Dumcnt,
808 4503 881 4552 Error*
895 4517 940 4553 rur
952 4502 1070 4567 t’tpnttie
1085 4505 1195 4568 utrique,
1207 4520 1233 4568 p.
1251 4504 1292 4554 lat
1306 4519 1360 4567 seq.
