3492 5404
677 433 849 550 “33-
925 543 928 550 ,

206 623 293 713 luit;
315 624 423 695 immo
446 622 492 693 ad
516 621 583 695 hoc
597 623 796 716 pertinebat
814 631 852 694 ut
872 622 1038 715 juvenis,
1061 623 1203 694 militari
1224 625 1326 696 disci-

205 751 303 845 plina
324 750 492 836 imbutus‚
517 749 649 820 militiae
667 771 735 820 non
751 753 822 840 jam
844 751 1091 823 umbratilibus
1107 750 1248 838 studiis,
1263 751 1329 822 sed

205 875 242 947 in
262 876 401 963 castris,
420 884 651 946 assuesceret.
673 873 903 962 Adolescens,
927 887 966 946 ut
988 876 1138 971 primum
1155 897 1201 948 ex
1221 876 1329 968 ephe·

205 1001 264 1072 bia
280 1000 503 1088 decesserat,
526 998 618 1069 inter
638 999 782 1070 ordines
802 1001 979 1073 exercitus
1006 1001 1208 1095 inscriptus,
1230 1021 1328 1072 arma

204 1125 365 1218 gerebat.
387 1125 458 1196 Nec
476 1146 779 1219 supervacaneum
803 1126 870 1196 erit
894 1127 1133 1221 inscriptionis
1161 1126 1328 1199 formulas

206 1249 397 1344 inspicere,
417 1261 453 1320 et
470 1261 645 1344 quatenus
661 1272 724 1344 pro
744 1272 885 1345 quaque
903 1252 1045 1325 civitate
1065 1253 1195 1324 luerint
1213 1251 1326 1323 varia·

209 1387 269 1465 tae,
291 1377 473 1469 indagare.

258 1499 376 1593 Atque
394 1500 461 1572 hnc
481 1501 632 1595 primum
655 1503 1011 1574 animadvertendum
1032 1512 1107 1598 est,
1134 1502 1217 1574 inde
1236 1499 1329 1572 diffi-

205 1626 371 1698 cultatem
396 1626 549 1722 exoriri,
568 1628 664 1720 quod
692 1628 857 1698 ineundae
879 1629 1011 1700 militiae
1033 1639 1170 1722 tempus
1193 1628 1328 1720 ubique

205 1773 277 1823 uon
298 1752 390 1823 idem
410 1753 556 1823 exstitit.
579 1752 692 1835 Quum
716 1754 827 1842 tituli,
849 1765 921 1824 tum
942 1755 1151 1848 scriptorum
1171 1754 1326 1825 testimo·

208 1877 267 1948 nia
290 1899 354 1949 nos
378 1878 506 1949 docent
532 1876 680 1949 Athenis
709 1900 772 1972 per
801 1880 871 1951 duo
899 1889 934 1950 et
960 1881 1192 1973 quadraginta
1216 1900 1328 1952 annos

206 2003 450 2074 continuatum
477 2003 585 2074 luisse
603 2003 736 2075 militiae
761 2014 918 2098 lempus3
938 2005 1077 2075 duobus
1099 2015 1216 2076 autem
1238 2004 1330 2099 prio·

208 2129 307 2201 ribus
331 2128 435 2220 hujus
462 2129 564 2221 spatii
590 2129 692 2199 anuis
704 2182 714 2216 ,
735 2127 962 2200 Atheniensis
983 2141 1057 2201 erat
1076 2129 1234 2223 ephebus
1255 2126 1325 2225 (l).

207 2253 342 2347 Spartae
361 2263 481 2324 contra
506 2250 581 2348 (2),
603 2274 707 2345 quam
729 2253 879 2347 primurn
901 2255 946 2324 ab
965 2255 1222 2342 adolescentia,
1241 2253 1330 2323 mili·

209 2378 257 2449 tia
274 2379 476 2473 incipiebat.
492 2377 591 2448 Haud
609 2378 710 2449 facile
723 2388 828 2466 esset,
849 2400 911 2472 pro
928 2380 1092 2450 omuibus
1109 2379 1326 2474 civitatibus,
1396 2397 1403 2407 ’

209 2504 304 2575 huno
330 2504 536 2597 quaestionis
564 2505 696 2576 nodum
719 2503 918 2575 exsolvere.
939 2503 1074 2593 Quare',
1097 2514 1225 2576 utrem
1249 2503 1329 2574 fini-

209 2629 276 2700 bus
305 2628 408 2700 certis
429 2627 701 2718 concludamus,
724 2628 790 2700 boc
808 2637 942 2699 tantum
964 2629 1064 2701 nobis
1091 2628 1204 2722 placet
1222 2626 1327 2698 attin·

210 2776 294 2846 gere
316 2779 324 2824 ι
344 2754 544 2846 quomodo,
568 2763 709 2847 peracto
732 2752 894 2848 ephebiae
921 2763 1097 2848 tempore,
1115 2755 1267 2845 juvenes
1291 2752 1328 2822 in

211 2879 406 2950 exercitum
426 2879 680 2972 reciperentur.

259 3002 406 3075 Prorsus
426 3004 590 3074 norimus
611 3003 778 3075 formulas
797 3024 878 3097 quae
895 3003 1108 3094 AEgosthene
1124 3011 1159 3075 et
1175 3002 1328 3095 Megarae

211 3129 246 3200 in
271 3151 373 3199 usum
393 3128 562 3200 adhibitae
581 3139 675 3200 sunt.
707 3130 745 3198 ln
766 3129 942 3223 lapidibus
962 3128 1055 3199 enim
1076 3128 1328 3222 aegosthenita-

211 3253 278 3342 nis,
301 3253 378 3324 baec
397 3253 559 3340 formula,
578 3263 660 3326 ante
678 3254 859 3326 nominum
878 3254 1004 3324 seriem
1029 3253 1214 3346 inscripta,
1238 3251 1328 3322 nihil

211 3379 307 3450 aliud
327 3389 466 3470 monet,
489 3379 555 3449 uisi
574 3379 727 3470 juvenes
752 3401 798 3450 ex
821 3378 1039 3473 epheborum
1059 3379 1244 3451 ordinibus
1264 3377 1326 3448 de·

211 3503 389 3574 cessisse:

260 3623 347 3698 acide
365 3624 396 3708 ἐξ
413 3625 529 3723 &paidos
549 3624 564 3723 (
590 3626 616 3723 ).

260 3751 327 3837 Qui
353 3753 554 3847 nuperrime
579 3750 701 3823 titulos
730 3752 952 3844 AEgosthenis
977 3750 1187 3841 illustravit,
1215 3773 1252 3822 v.
1281 3753 1325 3840 ol.

158 3848 173 3862 ²
212 3877 360 3950 Foucart
382 3877 631 3950 animadvertit
659 3878 809 3949 verbum
828 3873 915 3948 rothe
934 3878 1121 3950 boeoticam
1139 3876 1327 3950 dialectum

245 4133 279 4199 (l)
296 4131 365 4185 Vide
378 4131 507 4194 Dumont,
524 4148 567 4198 op.
581 4133 660 4192 laud..
676 4147 700 4197 p.
715 4132 799 4182 ulau.

244 4223 280 4288 (ll
293 4221 456 4286 Xenophon,
474 4220 616 4277 Helleaico.
630 4219 680 4280 ΙΙΙ,
699 4221 726 4280 Ι,
746 4220 795 4272 23:
814 4224 836 4272 ot
853 4223 885 4272 τὰ
896 4223 957 4274 δέκα
969 4222 1078 4286 ἀφ’ἤὸης.
1096 4217 1136 4272 (ll.
1149 4221 1212 4285 quid
1226 4220 1259 4271 de
1271 4218 1329 4270 cuit

213 4311 322 4374 ephebia
334 4308 488 4360 disseruerit
499 4308 615 4371 Boseth,
630 4310 726 4374 Corpus
737 4310 818 4360 iocor.
829 4322 913 4372 proc..
928 4313 947 4360 t.
962 4307 997 4370 ΙΙ,
1012 4323 1038 4371 p.
1050 4305 1106 4358 aut.

247 4397 279 4468 (3)
298 4396 334 4448 Le
345 4396 435 4450 Boset
446 4396 573 4460 Foucart,
587 4405 625 4452 αθ·
638 4396 660 4459 3,
673 4397 697 4456 6,
709 4397 733 4458 8,
748 4397 772 4456 9,
788 4397 825 4456 10,
839 4395 876 4447 ll.
