3492 5404
908 515 1066 578 ..70-

476 651 638 725 Attamen
659 653 874 748 quandoque
896 651 973 726 fieri
995 662 1110 747 potest
1135 662 1174 725 ut
1197 653 1376 749 ephebus,
1407 663 1543 728 ceteros

427 779 581 872 aequales
603 779 707 872 longe
725 800 963 873 exsuperans,
985 801 1065 850 cum
1087 780 1268 852 sodalibus
1293 789 1376 852 natu
1397 781 1540 874 majori·
1568 777 1573 788 “

427 903 494 975 bus
515 904 743 976 concurrerit.
766 905 803 975 ln
823 903 898 976 Chii
919 905 1011 976 enim
1039 905 1189 998 collegio
1208 903 1283 1001 (1),
1308 907 1543 1002 comperimus

427 1027 622 1122 ephebum,
656 1025 862 1098 Ἀπολλώνιον
894 1026 1123 1117 Ἀπολλωνίου,
1154 1030 1269 1102 stadio
1296 1031 1388 1102 inter
1418 1034 1541 1127 μέσους,

426 1161 462 1225 et
482 1162 601 1248 postea
620 1153 740 1224 dianio
757 1153 848 1224 inter
866 1151 1079 1250 πρεσέυτέρους
1099 1155 1240 1228 vicisse.
1272 1156 1406 1228 Etenim
1433 1180 1542 1250 quum

426 1278 618 1350 aemulandi
641 1278 797 1350 studium
824 1277 986 1374 ephebiae
1018 1279 1186 1352 institutis
1211 1303 1426 1377 magnopere
1444 1283 1541 1354 exci-

427 1411 537 1474 tatum
555 1424 633 1476 esse
651 1415 838 1498 appareat,
860 1405 1004 1477 minime
1026 1405 1072 1476 ab
1096 1406 1170 1500 ipsa
1195 1407 1459 1502 disciplinarum
1485 1429 1543 1478 ra-

428 1527 523 1600 tione
542 1527 710 1601 abhorret
724 1529 895 1620 juvenes,
917 1530 1002 1601 artis
1021 1531 1207 1623 eujusdam
1227 1532 1433 1625 peritiores,
1463 1554 1543 1605 oum

427 1653 608 1726 sodalibus
624 1654 766 1746 majoris
780 1655 893 1726 aetatis
908 1655 1120 1728 colluctandi
1136 1657 1277 1730 veniam
1292 1657 1422 1752 saepins
1439 1681 1542 1730 usur-

426 1799 543 1874 passe.

475 1900 554 1977 Alie
584 1901 728 1998 quidem
762 1905 797 1975 in
829 1905 907 1976 aliis
933 1905 1137 1986 civitatibus
1166 1909 1349 1980 constabat
1379 1909 1541 1982 ludorum

427 2038 574 2119 natura,
608 2038 713 2125 prout
740 2031 881 2122 majoris
908 2033 1078 2104 momenti
1112 2035 1342 2128 gymnasticae
1368 2035 1540 2107 exercita·

429 2155 541 2228 tiones
553 2152 697 2226 fiebant.
712 2155 761 2226 De
777 2156 869 2228 lucta
885 2156 1103 2251 epheborum
1118 2158 1280 2231 laconum
1294 2159 1329 2230 in
1342 2161 1539 2251 Plutouuto,

427 2279 523 2353 hand
543 2281 687 2374 indigna
707 2290 828 2353 notatu
852 2283 958 2355 refert
976 2283 1165 2356 Pausanias
1187 2282 1262 2381 (2),
1291 2285 1385 2357 unde
1406 2286 1539 2380 perspi·

427 2427 507 2478 cere
526 2417 580 2478 est
598 2407 643 2477 ad
663 2416 833 2500 quantum
854 2407 1001 2478 feritatis
1024 2409 1192 2502 gradum,
1216 2411 1396 2504 pugnandi
1415 2411 1543 2484 ardore

428 2530 583 2619 incensi,
606 2515 758 2623 juvenes
777 2532 992 2625 quandoque
1020 2535 1261 2627 pervenerint.
1298 2535 1483 2630 Postquam
1506 2537 1542 2606 in

428 2655 516 2726 duas
547 2667 662 2750 partes
688 2657 943 2747 discesserant,
978 2658 1012 2727 in
1040 2659 1156 2732 medio
1183 2659 1393 2749 Platanista‚
1423 2661 1543 2732 clauso

429 2781 563 2854 scilicet
582 2792 617 2854 et
637 2782 729 2855 fossa
749 2783 987 2874 circumdato,
1006 2785 1282 2876 conveniebant,
1304 2795 1339 2858 et
1357 2797 1541 2858 cruentum

426 2927 523 3000 saepe
541 2906 754 2978 miscebatur
774 2907 947 3000 praelium.
969 2907 1121 2980 Pedibus
1146 2919 1181 2981 et
1201 2909 1362 2980 manibus
1381 2930 1541 3003 pugnan·

428 3041 501 3122 tes,
531 3032 696 3105 dentibus
717 3043 752 3104 et
771 3033 949 3126 unguibus
972 3033 1109 3107 hostem
1128 3035 1344 3125 lacerantes,
1371 3034 1542 3107 adversos

427 3157 568 3230 sodales
598 3157 634 3228 in
660 3157 788 3230 fossam
820 3158 1010 3232 detrudere
1038 3160 1226 3250 ardebant,
1256 3160 1303 3232 ita
1323 3169 1542 3234 utnonnnn·

427 3304 533 3377 quam
553 3283 673 3356 oculos
692 3283 759 3354 sibi
780 3294 959 3356 eruerent.

476 3408 606 3479 Praeter
623 3408 841 3503 gymnastica
858 3409 996 3499 studia,
1019 3381 1228 3481 militaribus
1244 3407 1350 3482 etiam
1368 3409 1541 3484 exercita·

427 3530 582 3606 tionibus
602 3533 774 3605 vacabant
794 3533 940 3628 ephebi;
963 3554 1112 3627 quarum
1133 3535 1220 3608 ordo
1240 3535 1334 3608 idem
1352 3536 1461 3608 fuisse
1478 3556 1541 3629 per

427 3679 549 3732 omnes
567 3659 727 3730 civitates
743 3657 887 3730 Graeeiae
903 3658 1062 3751 videtur3
1083 3670 1291 3754 sequentem
1311 3669 1430 3732 autem
1449 3680 1542 3734 com·

334 3795 336 3798 ’
427 3794 599 3859 memorat
617 3784 738 3856 titulus
754 3783 884 3856 sestius
902 3781 972 3880 (3).

750 4026 760 4057 Ι

456 4061 491 4136 (i)
511 4065 606 4138 Cotpus
617 4067 697 4127 tueor.
711 4081 801 4138 prae,
818 4077 848 4126 nb
860 4069 932 4130 1211.

456 4163 493 4228 (2)
509 4161 654 4214 Pausanias
664 4163 739 4236 Ἰ111,
755 4163 797 4222 14,
812 4165 826 4216 8
841 4181 895 4230 seq.

457 4251 492 4317 (31
508 4254 623 4314 Hennes,
641 4252 710 4305 1813.
729 4252 769 4304 Cf.
791 4256 899 4304 titulum
916 4253 1001 4316 Semi,
1024 4253 1230 4308 Hecatebericbtc
1249 4253 1294 4306 der
1313 4252 1337 4306 ir.
1355 4251 1491 4305 diademis
1508 4263 1542 4304 su

426 4339 534 4403 Berlin,
552 4342 626 4404 1859,
649 4358 675 4408 p.
688 4341 734 4394 739
746 4357 800 4408 seq.
823 4341 920 4396 Confer
933 4346 1040 4396 titulum
1055 4342 1113 4406 Cei,
1128 4359 1180 4409 quo
1193 4345 1285 4396 eudem
1297 4345 1424 4396 exercitia
1437 4343 1542 4394 denun·
1559 4365 1560 4370 =

426 4428 540 4491 dentur,
561 4434 624 4486 licet
637 4447 691 4486 non
706 4434 795 4484 omnia
807 4436 925 4498 reperias
940 4455 946 4484 ε
962 4436 1036 4486 «Καὶ
1055 4435 1146 4502 ἐξάγειν
1167 4437 1200 4496 εἰς
1219 4437 1320 4501 μελέτην
1337 4437 1487 4502 ἀκοντισμοῦ
1501 4433 1543 4486 καὶ
