3492 5404
661 496 705 526 τι
722 463 823 540 'lb-:2

177 608 276 709 tate,
299 618 348 688 ull
368 605 475 690 idtort
496 601 649 709 ldtaabs
667 616 716 689 ttd
734 611 847 687 cilina
861 613 943 710 Jllllt
961 592 1179 709 capessenda
1198 591 1305 687 idicr-

186 735 350 834 neuturu
378 743 510 838 quippe
536 750 640 835 φης
671 726 754 812 dect
787 735 913 832 [gracco
941 721 1102 812 ciuitates
1134 738 1306 812 libertatis
1355 757 1357 761 ·

184 874 316 941 neuun
339 881 413 963 me
437 882 479 939 su
500 869 615 938 terunt
640 876 678 938 ar
698 867 853 957 jactent,
875 865 920 935 ud
939 843 1211 937 cuentauoucm
1230 855 1307 970 tao-

183 1000 261 1063 tltm
280 981 542 1065 accommodata
560 991 646 1062 siut⁵
661 990 779 1074 Quale
794 987 923 1083 ephebi
938 967 1120 1083 pulverem
1140 997 1177 1060 et
1195 985 1305 1062 solem

186 1110 382 1191 castrorum
400 1117 588 1210 effugiunt,
610 1115 753 1186 utlumr
771 1111 971 1184 umbratilia
988 1115 1104 1185 studia
1126 1114 1281 1186 conteuti
1297 1155 1322 1201 ,f

183 1243 323 1314 autibus
346 1233 534 1334 ingeuuis,
567 1240 764 1334 palestrae,
789 1239 1020 1334 gymnasticls
1046 1239 1308 1310 exercitationi-

184 1367 254 1439 bus
271 1377 391 1438 curam
406 1369 494 1438 dant
508 1376 544 1438 et
561 1361 721 1460 operum.
743 1364 778 1434 sr·
800 1364 920 1435 titulos
941 1345 1061 1452 chius,
1080 1364 1191 1454 teins,
1216 1365 1308 1459 byzi-

183 1507 293 1564 cenus
319 1508 398 1564 enm
430 1491 697 1584 megalensibus
717 1489 967 1575 conseramus,
996 1489 1220 1582 perspicuum
1244 1475 1311 1560 erit

187 1625 361 1708 qnatenus
380 1624 513 1685 mutata
539 1614 609 1684 sint
634 1612 799 1706 ephebiae
824 1601 998 1682 instituta.
1024 1613 1098 1684 Nou
1123 1613 1219 1684 enim
1238 1615 1311 1707 pti·

186 1760 283 1810 mum
302 1737 415 1812 locum
433 1737 595 1811 obtineat
613 1735 728 1809 officia
745 1737 886 1830 publica
904 1725 915 1823 ,’
932 1736 995 1808 sed
1021 1709 1151 1831 ephebi
1174 1737 1310 1832 tempus

93 1887 95 1890 ·
187 1863 224 1933 in
254 1860 429 1959 gymnasii
461 1862 592 1933 studiis
615 1853 831 1949 conterunt,
862 1861 1076 1932 caerimoniis
1107 1861 1308 1951 intersunt,

187 2008 334 2082 pompas
352 1981 578 2072 comitantur,
603 1999 638 2058 et
659 1986 795 2078 lnlgent
822 1986 858 2054 iu
882 1972 1003 2058 armis.
1023 1973 1209 2079 Denique,
1231 1999 1310 2057 ver-

185 2111 352 2202 gentibus
371 2109 612 2204 temporibus,
635 2109 816 2201 religionis
845 2125 945 2180 saura
967 2119 1004 2178 ct
1023 2097 1110 2179 rltus
1134 2101 1310 2202 praecipua

187 2235 277 2306 liunt
302 2234 520 2330 epheborum
550 2233 679 2306 cilicia.
711 2235 759 2304 lta
785 2234 939 2328 publicae
963 2233 1123 2305 histcliae
1153 2235 1249 2306 uices
1274 2241 1313 2306 et

187 2361 345 2432 fortunas
364 2359 524 2454 ephebiae
551 2359 697 2431 historia
720 2359 850 2446 relcrt;
882 2381 947 2429 nec
966 2359 1098 2430 certius
1123 2354 1312 2450 u'rguutellL

189 2490 261 2553 tum
288 2503 412 2554 eruere
432 2482 591 2553 valemus
611 2503 673 2553 cur
692 2482 966 2576 comprobemus
986 2481 1092 2574 hujus
1119 2483 1309 2555 institutio·

189 2606 243 2678 nis
263 2607 372 2678 veluti
392 2607 529 2678 radices
550 2607 689 2701 penitus
709 2607 869 2679 moribus
889 2607 1088 2706 elingenio
1107 2607 1312 2680 Graecurum

188 2731 385 2804 inhaesisse.

234 2857 395 2931 Ceterum
414 2859 577 2954 quamvis
597 2858 764 2931 eumdem
790 2859 892 2952 quasi
911 2858 1073 2930 animum
1096 2857 1231 2952 spirare
1258 2857 1311 2932 vi-

117 3045 123 3056 .
187 2982 337 3054 deantur
364 3003 427 3079 per
456 2995 564 3057 tutam
591 2983 762 3056 Graeciam
790 2983 937 3076 collegia
967 2982 1206 3078 epheborum,
1241 3005 1312 3056 nnn

187 3107 234 3178 ita
261 3109 353 3180 iuter
377 3131 416 3180 se
440 3119 664 3200 congruunt,
695 3119 734 3179 ut
762 3108 849 3201 quid
879 3109 1157 3202 unumquodque
1189 3109 1312 3204 patriae
1413 3196 1416 3203 Ι

186 3232 339 3306 civitatis
373 3235 516 3327 ingenio
561 3234 724 3306 debuerit
766 3232 1035 3328 deprehendere
1069 3255 1140 3306 uon
1174 3233 1309 3305 valeas.

186 3354 265 3429 Alia
282 3361 364 3430 sunt
382 3360 460 3432 aliis
480 3359 637 3452 collegiis
657 3359 775 3430 studia
785 3411 797 3450 ‚
818 3358 898 3430 aliae
918 3358 1128 3454 disciplinae.
1147 3357 1192 3430 Ut
1210 3359 1313 3432 abso·

186 3481 295 3554 lutam
333 3485 506 3579 cujusque
540 3485 729 3577 imaginem
768 3481 1014 3575 efficeremus,
1055 3484 1188 3557 rariora
1227 3505 1313 3556 saue

187 3618 287 3679 erant
306 3609 455 3702 vestigia
473 3631 555 3702 quae
575 3609 754 3703 lapidibus
780 3609 952 3703 insculpta
978 3609 1081 3681 nobis
1109 3608 1312 3704 suppedita-

186 3731 285 3804 bant.
323 3732 489 3805 Attamen
517 3733 640 3806 videre
668 3744 721 3805 est
750 3733 818 3804 alia
841 3733 990 3826 collegio
1019 3734 1125 3806 attico
1152 3733 1313 3806 omnium

187 3857 444 3952 perfectissimo
476 3858 647 3930 similiora
678 3857 856 3930 exstitisse
881 3858 1115 3953 :cyzicenum
1150 3857 1312 3948 scilicet,

188 3982 297 4054 teium
312 4038 323 4074 ,
353 3983 499 4076 chium;
534 3983 602 4054 alia
630 3992 771 4072 autem,
803 3983 839 4053 iu
860 3983 1015 4074 Boeotia,
1043 3980 1250 4078 Megaride,
1280 3992 1316 4054 et

187 4105 427 4203 Peloponeso,
449 4109 564 4180 atlicae
585 4106 747 4202 ephebiae
772 4129 838 4180 uec
860 4130 916 4180 res
942 4131 1006 4181 nec
1032 4110 1174 4181 nomina
1200 4103 1313 4179 fuisse

188 4232 346 4310 imitata..
362 4233 448 4318 Quae
469 4244 644 4327 quatenus
663 4234 709 4305 ab
727 4233 833 4306 altico
851 4234 1000 4327 collegio
1016 4234 1223 4326 dillerreut,
1245 4251 1313 4306 suo

188 4357 268 4433 loco
284 4359 527 4456 exposuimus.
569 4405 570 4408 κ
