3492 5404
604 1339 869 1431 ¹moonnnuu.

232 1805 356 1876 Omnia
376 1826 568 1898 graecarum
596 1803 779 1876 civitatum
808 1801 968 1873 instituta
992 1803 1187 1874 arctissime
1211 1804 1304 1876 inter

185 1951 224 2001 se
243 1929 428 2021 conjuncta
449 1950 546 2016 esse,
567 1927 743 2046 neminem
763 1947 885 1998 eornm
904 1926 1011 2019 fugit,
1033 1927 1094 2020 qni
1114 1927 1303 2026 antiquita·

187 2062 254 2125 tem
282 2053 488 2146 attigerunt.
515 2052 631 2136 Quare
656 2051 757 2122 facile
784 2050 1001 2143 intelligetur
1026 2051 1303 2124 adolescentium

184 2176 405 2272 disciplinam
434 2176 558 2248 eadem
579 2176 714 2248 ratione
738 2175 967 2269 compositam
996 2176 1125 2266 luisse,
1148 2197 1216 2268 qua
1245 2197 1303 2247 ce·

185 2311 270 2372 terae
289 2302 384 2394 leges
404 2301 560 2373 fundatae
580 2311 674 2372 sunt.
697 2300 812 2384 Quum
832 2299 992 2372 modicus
1015 2309 1110 2371 esset
1131 2300 1304 2393 ingenuo·

183 2444 261 2494 rum
277 2446 459 2515 numerus,
478 2445 604 2517 magna
621 2434 737 2496 autem
755 2435 936 2496 exstarent
950 2425 1062 2496 civica
1076 2429 1174 2516 jura3
1194 2447 1303 2518 quum

183 2549 228 2620 ad
255 2572 329 2622 rem
356 2550 532 2644 publicam
561 2551 651 2621 bene
678 2551 870 2643 gerendam
893 2551 1037 2622 maximi
1059 2551 1247 2623 interesset
1266 2561 1305 2622 ut

183 2674 280 2747 cives
295 2675 340 2746 ab
353 2675 591 2748 adolescentia
606 2676 707 2767 jura,
730 2674 866 2763 officia,
888 2677 1048 2747 instituta
1069 2675 1223 2768 denique
1243 2697 1304 2770 pa-

185 2799 250 2870 tria
266 2800 463 2890 discerent,
482 2800 653 2895 imprimis
668 2801 823 2895 oportuit
838 2801 1017 2872 civitatem
1031 2800 1187 2895 juvenes
1203 2801 1303 2894 quasi

185 2925 378 3017 peculiares
395 2926 557 2998 alumnos
575 2926 768 3014 extollere,
788 2926 884 2997 etad
902 2927 1010 2997 vitam
1030 2927 1208 3020 publicam
1226 2948 1304 2998 aus·

184 3050 368 3144 picandam
389 3051 528 3145 publica
549 3050 734 3144 disciplina
755 3051 919 3122 formare.
941 3051 1127 3123 Evolvcnti
1149 3051 1303 3145 cuipiam

183 3174 429 3248 historicorum
451 3177 507 3247 vel
524 3175 815 3270 pbilosophorum
831 3177 979 3269 scripta,
1001 3186 1147 3270 apparet
1164 3176 1304 3247 Graecos

184 3299 312 3394 insigni
327 3301 445 3372 studio
460 3300 505 3371 (le
520 3300 703 3372 educanda
714 3301 903 3392 juventute
918 3301 1153 3388 consuluisse,
1174 3301 1304 3395 quippe

183 3447 264 3518 qnae
289 3427 412 3520 patriae
433 3447 590 3496 annuum
615 3427 726 3497 veluti
752 3427 884 3497 civium
912 3438 1123 3520 proventum
1144 3426 1301 3497 allerrel.

183 3549 268 3621 lnrle
286 3549 377 3621 litut
394 3551 489 3645 apud
505 3550 660 3640 Atticm,
680 3552 823 3624 remotis
840 3573 927 3623 sane
944 3552 1164 3646 temporibus
1175 3606 1185 3641 ‚
1205 3551 1305 3622 insti-

145 3715 148 3718 ·
184 3685 257 3746 tuta
276 3676 347 3747 sint
365 3677 512 3770 collegia
532 3677 722 3772 ephebica,
749 3678 784 3748 in
808 3679 937 3771 quibus
956 3680 1109 3769 juvenes
1131 3678 1216 3749 vitae
1239 3701 1306 3771 pn-

182 3801 285 3874 blicae
304 3801 405 3894 quasi
426 3803 622 3874 tirocinium
643 3812 879 3896 capesserent.
907 3803 957 3873 lbi
983 3803 1105 3890 enirn,
1128 3824 1147 3873 a
1169 3803 1304 3874 dnode-

184 3925 458 4018 vigesimoanno
470 3929 638 4020 usquead
650 3929 857 3999 vicesimum
873 3949 1019 4018 annum,
1033 3927 1304 3999 Atheniensium

183 4051 314 4122 civium
333 4050 416 4148 filii,
438 4065 583 4146 patrona
600 4053 731 4146 patria,
753 4073 772 4122 a
794 4052 1057 4144 magistratibus
1078 4065 1114 4124 et
1134 4053 1304 4123 ministris

182 4175 329 4248 delectis
347 4178 502 4266 aluntur,
520 4189 555 4249 et
570 4179 772 4249 nutriuntur
788 4178 833 4249 ab
852 4178 925 4272 ipsa
945 4179 1101 4250 civitate.
1122 4177 1211 4261 Quae
1234 4176 1304 4247 civi

181 4302 317 4394 agenda
337 4313 439 4393 sunt,
467 4303 591 4374 eadem
614 4303 687 4395 agit
706 4302 888 4396 ephebus3
910 4303 958 4374 ita
978 4316 1016 4374 ut
1036 4305 1140 4399 plane
1160 4322 1304 4374 asseve-
1344 4345 1363 4394 ι,

1130 4425 1142 4484 1
