3492 5404
660 536 820 602 ..55-

181 687 298 773 partes
313 675 348 748 in
364 675 522 771 regendo
540 674 690 768 collegio
706 695 813 768 agere
832 673 987 765 videtur,
1004 675 1161 756 ὑπεύθυνος
1179 685 1298 748 autem

180 813 254 894 est,
285 813 321 874 et
339 823 457 875 rerum
476 811 655 896 gestarum
674 799 769 895 apud
793 809 954 872 senatum
978 797 1218 894 populumque
1241 821 1297 872 ra·

181 924 295 996 tiones
324 925 453 997 reddit.
485 924 598 996 Ceteri
626 923 784 1017 magistri
811 943 874 1018 pro
900 945 964 995 sua
989 932 1087 1018 parte
1111 923 1295 1014 tacheam,

179 1051 456 1146 gymnasticam,
485 1071 560 1121 rem
591 1048 800 1138 militarem,
829 1058 943 1136 artes,
976 1047 1109 1121 litteras
1141 1048 1298 1144 ephebos

180 1174 309 1248 docent
326 1200 334 1246 :
353 1197 484 1271 praeses
500 1186 619 1248 autem
639 1174 757 1247 omnia
775 1174 929 1246 maxima
950 1175 1158 1247 auctoritate
1176 1175 1298 1248 mude-

180 1309 290 1372 ratur.
309 1300 377 1384 Qui
397 1323 468 1374 non
488 1301 614 1374 eodem
633 1300 777 1373 nomine
796 1320 860 1394 pro
880 1299 1045 1372 omnibus
1060 1298 1218 1392 collegiis
1238 1299 1299 1372 de·

180 1424 353 1519 signatur.
372 1426 629 1521 llepntantibus
644 1425 738 1496 enim
755 1425 857 1498 nubis
872 1445 952 1518 quae
967 1423 1013 1495 de
1028 1423 1299 1520 gymnasiarcho

180 1561 216 1623 et
234 1551 458 1646 ephebarcho
477 1551 732 1641 disseruimus,
756 1549 843 1623 nihil
862 1549 976 1622 deerit
994 1571 1057 1621 cur
1076 1569 1197 1623 eorum
1221 1571 1300 1621 mu·

180 1697 265 1748 uera
295 1699 547 1771 nonnunquam
581 1675 707 1749 cadem
739 1676 849 1748 luisse
877 1675 1111 1771 suspicemur.
1145 1675 1297 1770 Megarae

180 1800 275 1872 euim
295 1821 423 1874 revera
446 1801 608 1898 ephebiae
628 1821 760 1895 praeses
780 1809 834 1872 est
850 1799 1162 1896 gymnasiarchus;
1185 1799 1223 1871 in
1239 1823 1297 1872 ce·

182 1925 265 1998 teris
297 1936 414 1998 autem
447 1926 674 2015 civitatibus,
703 1946 774 1997 non
794 1925 905 2027 plane
932 1936 1131 2019 congruunt
1150 1925 1242 1997 inter
1260 1947 1300 1999 se

180 2071 302 2124 eorum
324 2049 452 2124 officia.
482 2052 546 2123 llic
565 2051 659 2123 enim
681 2072 751 2123 non
772 2050 994 2123 solummodo
1023 2049 1203 2145 ephebiae,
1234 2047 1300 2123 sed

180 2175 287 2246 totius
307 2175 480 2270 gymnasii
501 2195 621 2246 curam
642 2183 805 2266 exercet,
829 2184 864 2246 et
884 2172 988 2244 simul
1004 2173 1179 2267 ephebos,
1197 2178 1297 2263 νέους,

179 2318 375 2392 omnesque
401 2300 452 2371 rei
475 2299 705 2396 gymnasticae
724 2298 786 2392 qui
813 2308 896 2369 sunt
924 2296 1112 2392 participes
1134 2309 1312 2389 coercet3'

180 2422 228 2494 ita
263 2434 301 2495 ut
333 2425 439 2519 plane
464 2434 632 2519 appareat
663 2422 778 2496 officia
812 2424 890 2515 ejus
920 2421 1100 2518 ephebicis
1128 2423 1297 2496 institutis

181 2548 300 2621 miuus
326 2560 421 2622 arcte
450 2549 642 2622 cohaerere.
669 2548 920 2644 Ephebarchus
938 2561 1055 2621 autem
1078 2550 1218 2644 proprie
1246 2562 1300 2622 est

181 2673 320 2768 collegii
335 2675 554 2766 moderator3
575 2697 640 2747 nec
656 2675 733 2747 sine
748 2676 866 2769 aliqua
881 2675 1040 2748 veritatis
1058 2678 1197 2772 specie,
1217 2697 1297 2748 eum

181 2799 296 2894 primo
315 2801 412 2893 loco,
434 2802 470 2872 in
490 2801 757 2895 magistratuum
776 2802 920 2893 ordine,
943 2801 1197 2898 inscripsimus.

378 3025 392 3084 5
410 3027 432 3074 3.
447 3048 479 3062 -
491 3023 523 3073 llo
536 3023 668 3075 muneribus
682 3027 706 3075 at
718 3023 793 3076 titulis
806 3023 939 3076 honorificis
954 3026 1104 3091 epheborum.

229 3205 453 3280 Perlustratis
473 3209 733 3302 magistratibus
748 3221 784 3282 et
804 3211 971 3283 ministris
990 3214 1051 3306 qui
1070 3213 1220 3306 collegio
1235 3225 1296 3286 aut

181 3343 375 3426 praeerant,
400 3345 461 3405 aut
486 3356 629 3430 operam
656 3335 807 3426 dabant,
840 3337 1041 3409 accedimus
1071 3337 1116 3409 ad
1150 3359 1297 3410 munera

182 3477 261 3550 quae
286 3457 414 3552 ephebi
441 3459 671 3555 sibimetipsis
694 3461 943 3555 vindicabant,
968 3473 1003 3533 et
1029 3463 1150 3535 itidem
1177 3464 1298 3536 titulos

181 3603 271 3676 quus
309 3581 453 3656 honoris
483 3585 640 3676 jactandi
680 3586 738 3658 vel
768 3586 927 3679 gloriolae
967 3589 1130 3662 fovendae
1166 3609 1296 3680 causa,

182 3708 314 3801 saepius
332 3730 397 3783 suo
417 3710 550 3783 numini
574 3710 853 3805 adscripserunt.

229 3831 280 3905 De
300 3834 457 3930 principe
473 3834 657 3929 ephebiae,
680 3833 841 3931 ἀρχέφηέῳ
860 3836 1012 3928 scilicet,
1034 3839 1107 3931 jam
1124 3837 1296 3911 diximus.

182 3955 275 4031 luter
293 3981 439 4033 munera
454 3961 628 4053 juvenilia
651 3959 696 4031 ab
716 3960 862 4054 ephebis
883 3973 1005 4056 gesta,
1028 3985 1121 4035 nuno
1141 3965 1295 4036 occurrit

182 4083 336 4158 officium
356 4081 516 4163 διοικητοῦ
535 4083 609 4183 (l),
633 4085 732 4180 quod
752 4086 890 4181 ephebo
909 4088 1048 4160 cuidam
1069 4089 1295 4162 commissum

181 4207 291 4283 luisse
302 4210 506 4285 doctissimo
522 4211 600 4284 viro
614 4211 744 4283 Boeclrh
759 4211 902 4306 placuit.
916 4213 1052 4288 Etenim
1071 4226 1151 4310 post
1167 4235 1297 4288 nomeu

213 4454 248 4524 (l)
265 4455 391 4526 Cyzicus,
409 4457 505 4529 corpur
516 4459 596 4514 turer.
609 4473 695 4527 cruc..
709 4467 739 4512 n⁰
753 4459 823 4513 3665.

1124 4549 1143 4620 l
