3492 5404
909 441 1072 504 ..78-

480 578 534 654 llx
556 579 720 654 omnibus
747 577 969 652 documentis
997 600 1079 674 quae
1106 575 1242 673 lapides
1268 575 1371 650 nohis
1397 574 1550 650 tradide-

431 683 538 802 nunt‚
578 705 764 780 manifesto
798 713 944 800 apponet
978 704 1111 778 nullum
1145 703 1220 776 lene
1243 702 1398 778 -Graeciae
1427 703 1551 776 civito·

434 840 502 903 tem
537 830 708 926 ephebica
743 829 904 903 instituta
940 829 1161 922 neglexisse3
1199 828 1295 902 unde
1332 837 1551 923 compertum

433 955 629 1046 hahemus,
665 977 747 1050 quae
778 954 937 1028 historici
977 954 1032 1028 vel
1058 953 1260 1050 philosophi
1292 954 1338 1027 de
1368 952 1553 1027 educanda

412 1151 417 1160 .
428 1081 617 1174 juventute
635 1080 860 1154 commentati
879 1089 963 1152 sunt
974 1133 985 1171 ,
1012 1079 1119 1152 nehus
1140 1097 1224 1153 vere
1243 1093 1279 1152 et
1297 1079 1456 1152 moribus
1480 1101 1552 1152 res·

433 1205 614 1301 pondisse.
638 1205 709 1278 Nec
732 1205 833 1300 parvi
854 1205 1022 1279 momenti
1048 1205 1218 1299 estquod
1243 1205 1376 1299 ubique
1399 1225 1553 1298 gnaecum

434 1330 616 1424 ingenium
638 1329 707 1402 sihi
729 1340 894 1404 constans
913 1330 1094 1403 exstitisse
1113 1329 1290 1436 videmus.
1310 1329 1373 1402 Vel
1387 1329 1423 1400 in
1442 1349 1555 1401 remo·

435 1465 488 1526 tas
527 1454 715 1550 regiones,
752 1476 825 1550 quo
860 1455 1014 1549 linguam
1052 1466 1088 1528 et
1128 1477 1244 1528 mores
1281 1454 1405 1550 petniae
1438 1454 1555 1526 ierunt

433 1579 569 1678 Graeci,
587 1592 789 1676 sequuntur
808 1580 970 1676 ephehiae
990 1581 1173 1673 instituta;
1198 1579 1246 1651 itu
1266 1591 1304 1651 ut
1318 1581 1471 1672 juvenes
1490 1600 1553 1653 ve·

434 1705 499 1778 luti
519 1717 555 1787 ct
579 1689 691 1806 ipsuni
711 1707 885 1780 'Gnaeciem
914 1706 1111 1779 offendant.
1139 1706 1304 1779 Massiliae
1330 1705 1426 1777 haud
1451 1725 1553 1777 secus

434 1841 541 1925 etque
560 1831 596 1904 in
620 1831 767 1904 urbibus
790 1830 899 1905 Cnriae
920 1831 978 1904 vel
1002 1830 1183 1920 Thraciae,
1212 1830 1340 1926 ephebi
1366 1851 1387 1902 e
1411 1827 1553 1902 civitate

435 1955 584 2046 eruditi,
609 1955 836 2028 nobilissimis
857 1956 992 2029 ortibus
1012 1956 1128 2053 pleni,
1157 1955 1246 2029 civis
1275 1954 1376 2028 libeni
1401 1953 1552 2047 dignitu-

435 2090 505 2153 tem
531 2091 567 2166 et
585 2079 700 2156 officia
719 2081 914 2174 discentes,
941 2102 1062 2156 verum
1089 2080 1333 2177 perfectissimi
1357 2079 1446 2154 civis
1469 2079 1553 2151 imo·

433 2206 573 2300 pinum,
601 2217 747 2303 patrono
771 2218 807 2281 et
830 2209 975 2304 auspice
1004 2207 1137 2303 patria,
1164 2205 1315 2280 neddere
1342 2205 1487 2278 student
1518 2213 1555 2276 et

436 2330 618 2406 evincunt.
