3492 5404
699 465 891 547 ..23'..

222 641 269 691 ex
302 618 372 691 illis
405 618 609 692 civitatibus
641 619 831 710 oriundos,
860 640 941 713 quae
970 630 1006 690 et
1037 618 1123 712 ipsas
1154 617 1340 709 collegium

222 742 435 815 habuerunt.
458 744 755 816 Perlustrantibue
780 745 874 815 enim
896 745 997 817 nobis
1018 743 1136 815 titulos
1157 745 1191 813 iu
1212 742 1341 837 quibus

222 868 350 963 ephebi
371 869 505 960 exteri,
529 869 585 941 vel
606 865 704 956 ξενοὶ,
724 879 983 957 memorantur,
1009 888 1262 960 nonnunquam
1283 887 1341 938 oc·

222 1003 371 1063 currunt
393 994 546 1084 juvenes
574 993 724 1088 Berytii,
745 993 903 1082 Sidonii,
924 992 1086 1086 Thespii,
1105 990 1340 1084 Ptaraeenses,
1442 1037 1444 1040 -

221 1115 400 1210 Sicyonii,
419 1116 582 1188 Messenii
602 1113 672 1212 (1).
698 1114 767 1188 Sed
795 1116 825 1188 ei
851 1116 916 1188 bos
944 1117 1064 1188 titulos
1089 1115 1134 1186 ad
1160 1135 1340 1187 romanam

221 1248 361 1311 aetatem
383 1240 591 1334 plerumque
610 1241 786 1335 pertinere
810 1252 1035 1335 reputamus,
1058 1248 1094 1312 et
1115 1239 1344 1312 animadver-

223 1363 331 1436 timus
351 1375 471 1437 conlra
499 1377 629 1459 quauta
654 1365 759 1438 luerit
780 1366 881 1461 copia
897 1367 1070 1458 juvenum
1091 1364 1152 1458 qui
1173 1385 1219 1435 ex
1238 1360 1341 1452 Asia,

223 1488 340 1584 Syria,
357 1489 516 1580 Thracia,
537 1488 713 1580 Athenas,
732 1491 842 1563 veluti
865 1492 909 1562 ad
938 1489 1196 1562 nobilissimum
1215 1487 1342 1558 artium

222 1613 495 1707 litterarumque
526 1615 767 1705 domicilium,
800 1617 1078 1701 concurrebant,
1107 1623 1203 1685 tauto
1230 1611 1345 1683 minor

225 1737 407 1811 videbitur
426 1762 595 1812 numerus
621 1761 743 1814 eorum
763 1741 846 1835 qul,
865 1763 909 1814 ex
929 1742 1004 1836 ipsu
1025 1740 1159 1812 Graecia
1177 1737 1342 1828 oriundi,

224 1863 377 1957 patrium
394 1863 584 1957 collegium
604 1866 787 1955 deserunt,
805 1875 843 1936 ut
858 1865 949 1937 iuter
966 1865 1111 1936 ordines
1127 1864 1345 1960 epheborum

224 1987 411 2060 atticorum
430 1989 689 2080 inscribantur;
712 1990 985 2085 necquidquam
1006 1989 1183 2082 iuvenies,
1205 2011 1268 2060 cur
1285 2009 1347 2060 su·

226 2133 290 2207 pra
309 2113 412 2185 dictis
434 2135 503 2186 uon
520 2115 737 2187 assentiaris.
757 2114 859 2200 Quod
879 2115 1023 2208 quidem
1043 2114 1159 2208 magni
1179 2111 1347 2184 momenti

228 2258 308 2309 esse
322 2219 535 2311 arbitramur
553 2250 592 2311 ut
609 2241 730 2336 procul
756 2261 776 2311 a
802 2239 911 2312 dubio
934 2240 1005 2310 sint
1028 2259 1109 2340 quae
1124 2250 1228 2310 antea
1248 2238 1348 2309 evin·

226 2384 308 2434 cere
326 2364 442 2435 conati
465 2387 612 2456 sumus;
635 2365 804 2460 ephebica
823 2364 959 2436 scilicet
985 2364 1142 2435 instituta
1171 2386 1241 2437 non
1264 2384 1348 2434 casu

227 2489 407 2582 quodam,
436 2489 499 2561 sed
528 2501 672 2584 propter
704 2512 821 2562 rerum
852 2489 1097 2562 necessitatem
1133 2512 1195 2586 per
1226 2509 1348 2562 omues

162 2674 171 2686 .
227 2613 303 2685 lere
320 2612 467 2686 Graeciae
488 2613 650 2707 regiones
671 2591 844 2688 floruisse.

261 2887 296 2961 (1)
312 2895 436 2948 Invenies
450 2898 522 2949 enlm
541 2901 647 2950 exteros
661 2900 776 2964 ephebos
791 2899 819 2948 ln
833 2898 1004 2963 sequentibus
1018 2897 1104 2948 titulis
1117 2911 1133 2948 a
1146 2911 1172 2948 v.
1184 2898 1220 2949 cl.
1235 2895 1351 2950 Dumout

228 2984 310 3034 editls
322 2985 331 3050 (
338 2989 393 3036 vol.
407 2985 456 3050 11).
470 2986 610 3050 Berytios,
623 2989 720 3046 laser..
736 2985 770 3046 V,
786 2989 804 3040 l.
820 2986 880 3046 tto,
894 2985 1032 3046 XXVIII,
1046 2988 1063 3038 l.
1079 2985 1131 3048 137,
1152 2985 1205 3036 111.
1218 2983 1350 3043 Sidonios,

227 3073 292 3134 XX,
307 3076 326 3125 1.
344 3075 397 3136 tat,
415 3076 469 3135 tat,
486 3075 540 3132 107.
552 3075 690 3142 Thespius,
704 3075 739 3143 V,
753 3079 772 3129 l.
787 3077 840 3130 121.
853 3076 1009 3142 Sicyonios,
1025 3074 1059 3140 V,
1075 3077 1093 3128 l.
1108 3075 1168 3136 tta,
1186 3073 1247 3139 VII,
1263 3077 1281 3128 l.
1298 3075 1350 3126 105.

226 3161 405 3224 Plelaeenses,
423 3164 487 3228 XX,
499 3167 519 3218 l.
536 3165 591 3228 Ill,
610 3165 663 3219 124.
