3492 5404
912 499 1074 566 -nl-

433 639 595 714 cerdotcs
617 651 653 714 et
677 640 876 714 hierodulae
904 641 1113 736 templorum
1133 657 1233 712 socru
1251 650 1350 736 septu
1369 641 1549 734 aperient,

434 776 470 837 et
488 766 603 860 lignee
621 768 769 840 deorum
789 768 889 862 signu
907 765 972 862 (τὰ
990 765 1104 865 ξόανα)
1122 768 1281 840 vestibus
1304 767 1464 840 induent.
1487 769 1551 840 lle·

433 891 539 984 nique
553 891 712 987 Cyziceni
727 893 773 965 uh
789 891 1017 965 archontibus
1036 905 1072 965 et
1091 892 1398 987 stephanophoris,
1416 892 1547 988 ephebi

432 1015 477 1086 uh
495 1015 739 1111 ephebnrcho,
763 1019 862 1113 pueri
882 1018 1026 1111 ingenui
1043 1039 1062 1089 n
1081 1019 1292 1113 paedonomo
1310 1019 1422 1106 ducti,
1441 1017 1549 1111 regiis

433 1141 593 1234 personis
620 1142 762 1215 obvium
793 1143 908 1216 ibunt.
940 1144 979 1214 ln
1013 1144 1101 1215 urbe
1128 1143 1219 1230 Teo,
1250 1144 1344 1214 hund
1375 1143 1549 1214 dissimile

432 1263 613 1338 decretum
630 1267 851 1340 caerimonlrs
868 1267 1010 1357 indicit,
1028 1267 1159 1361 quibus
1172 1267 1270 1340 cives
1286 1267 1379 1338 diem
1397 1267 1548 1338 natalem

431 1389 481 1462 Pii
516 1391 698 1485 cujusdam
731 1395 910 1466 celebrare
937 1394 1108 1485 jubentur
1140 1390 1209 1489 (l).
1246 1391 1380 1486 Ephebi
1413 1393 1551 1464 scilicet

430 1515 555 1589 Bucchi
583 1519 756 1594 sacerdoti
785 1519 1050 1613 adjunguntur,
1086 1528 1124 1589 ut
1156 1519 1192 1588 in
1225 1518 1355 1612 templo
1387 1517 1547 1590 carmina

429 1654 576 1732 conant;
604 1644 822 1720 sacerdotem
848 1645 936 1716 ritus
963 1663 1081 1716 necros
1101 1653 1326 1738 peragentem
1346 1644 1543 1735 adjuvant,

429 1767 466 1840 in
486 1790 545 1841 um
564 1768 733 1842 sacrificia
753 1781 1016 1864 exsequuntur,
1047 1770 1128 1841 thus
1146 1781 1325 1856 cremant,
1356 1779 1392 1841 et
1410 1770 1544 1862 lumpe-

431 1895 516 1967 dum
537 1894 695 1968 llummus
714 1897 812 1991 puris
832 1896 993 1968 manibus
1012 1895 1222 1967 accendunt.
1250 1893 1378 1989 Ephesi
1402 1917 1545 1990 qnoque

433 2021 612 2117 proprium
632 2031 686 2093 est
705 2021 921 2116 epheborum
943 2043 1044 2094 sacra
1068 2020 1189 2113 signu,
1222 2043 1290 2092 unu
1317 2042 1396 2092 cum
1423 2020 1543 2114 templi

398 2215 401 2221 .
432 2146 618 2236 ministris,
640 2147 676 2218 in
692 2169 820 2242 pompa
840 2147 989 2221 sollenni
1008 2147 1201 2240 attingere,
1222 2167 1283 2241 per
1300 2145 1453 2218 civitutis
1470 2145 1548 2218 vius

430 2291 451 2343 u
471 2282 570 2366 portu
587 2273 782 2366 Magnetica
800 2295 912 2367 usque
928 2273 973 2343 ud
989 2272 1202 2344 Coressicem
1223 2273 1334 2358 serre,
1356 2281 1392 2343 et
1416 2271 1541 2342 ilerum

430 2398 467 2468 in
490 2397 657 2491 templum
677 2409 857 2492 reportare
879 2396 948 2495 (2).
978 2398 1046 2487 ltu,
1076 2397 1154 2469 sive
1179 2397 1308 2491 ephebi
1332 2395 1545 2470 caerimouiis

430 2521 610 2611 intersint,
640 2522 718 2594 sive
737 2524 863 2610 elium,
898 2523 996 2594 utin
1023 2523 1136 2594 insola
1153 2521 1285 2609 There,
1317 2522 1408 2593 inter
1426 2521 1544 2593 socios

429 2643 622 2718 thinsorum
642 2647 888 2719 adscribuntur
903 2646 958 2744 (3)
974 2645 1158 2718 manifesto
1173 2645 1397 2740 perspicuum
1413 2652 1467 2716 est
1481 2665 1544 2716 eos

429 2793 569 2867 semper
583 2781 714 2866 purtem
728 2773 931 2866 quamdam,
949 2771 1044 2842 houd
1059 2768 1229 2859 infimum,
1246 2771 1281 2840 in
1294 2770 1403 2842 sacris
1415 2770 1544 2862 egisse.

428 2894 534 2968 Prout
553 2917 696 2968 necesse
716 2893 772 2984 fit,
794 2896 980 2989 collegium
1005 2906 1039 2967 et
1058 2895 1123 2987 ipsi
1142 2916 1281 2966 sucrum
1301 2893 1540 2982 constituunt3

429 3021 466 3090 in
486 3020 588 3092 titulo
610 3020 699 3106 teio,
730 3041 800 3092 une
826 3043 904 3093 curn
929 3021 1094 3095 omnibus
1120 3020 1241 3092 thiasis
1268 3018 1396 3115 ephebi
1423 3028 1458 3090 et
1484 3023 1545 3088 νέοι

429 3146 658 3218 nominantur
675 3142 744 3241 (l).

461 3346 495 3408 (l)
511 3347 548 3398 Lo
559 3346 612 3397 Bas
627 3351 653 3398 et
665 3346 861 3412 Wuddington,
883 3349 941 3398 Arte
955 3350 1084 3407 lineum,
1099 3355 1130 3398 n⁰
1141 3346 1186 3404 90.
1205 3350 1231 3397 et
1250 3349 1347 3411 Corpus
1362 3347 1442 3397 lusor.
1459 3347 1545 3406 Grec,

428 3433 531 3487 1103062
545 3451 570 3487 ο.
591 3435 744 3486 Verislmile
763 3440 803 3486 est
823 3437 944 3487 eumdem
964 3439 1052 3488 vlrum
1071 3437 1154 3487 fuisse
1172 3437 1244 3487 hunc
1261 3436 1356 3498 Pium,
1377 3439 1455 3498 utque
1469 3433 1548 3484 Pium

428 3523 600 3582 Pisouinum.
622 3539 656 3576 ox
666 3526 750 3578 sltero
763 3527 840 3578 titulo
853 3529 954 3578 notum.
977 3525 1014 3576 Le
1028 3526 1118 3578 Boset
1133 3525 1330 3591 Weddingtou.
1346 3526 1425 3584 ibid..
1448 3532 1477 3574 u⁰
1494 3523 1547 3576 loo.

428 3612 525 3666 Confer
539 3615 619 3665 eliam
632 3616 707 3678 ibid,
722 3625 752 3665 n⁰
768 3615 820 3668 107.

459 3703 495 3768 (2)
510 3707 588 3763 Τὰς...
605 3705 729 3763 εἰκόνας...
745 3705 886 3771 φερέτωσαν
901 3707 929 3757 ἐκ
941 3710 986 3757 τοῦ
1003 3707 1112 3772 προνάου
1135 3707 1168 3764 εἰς
1184 3708 1213 3756 τὸ
1233 3703 1352 3770 θέατρον..
1384 3705 1475 3755 ἐκτῶν
1493 3721 1548 3755 vro·

429 3797 507 3844 ποιῶν
519 3793 576 3855 δύο,
588 3795 630 3845 καὶ
641 3797 665 3846 ol
677 3797 808 3860 ῑορονεῖκαι
818 3796 860 3845 καὶ
871 3799 1024 3862 σκηπτοῦχος
1037 3798 1080 3846 καὶ
1094 3797 1205 3860 φύλακοι,
1219 3795 1261 3846 καὶ
1271 3795 1343 3845 πάλιν
1358 3794 1548 3862 ἀποφερέτωοοιν

430 3884 462 3941 el<
475 3883 505 3935 τὸ
519 3885 583 3951 ἱερὸν
597 3886 640 3935 καὶ
655 3885 871 3935 κατοιτιθίοθωοοιν
887 3886 1177 3952 συμποραλαμὸάνοντων
1197 3886 1240 3935 καὶ
1259 3890 1309 3935 τῶν
1324 3885 1418 3949 ἐφήόων
1439 3883 1488 3933 ἀπὸ
1507 3888 1549 3943 τῆς

428 3973 584 4037 Μαγνητικῆς
601 3975 676 4034 πύλης
691 3976 733 4025 καὶ
750 3975 812 4038 μετὰ
825 3976 868 4033 τὰς
882 3975 1010 4035 ἐκκλησίας
1025 3975 1259 4041 ουνπροπενπόντων
1280 3975 1324 4030 ἕως
1338 3980 1381 4035 τῆς
1394 3976 1548 4038 Κορηοσικῆς

428 4062 532 4123 πύλης...
550 4060 646 4120 Wood‚
660 4063 815 4112 Dircooeries
827 4069 854 4114 ot
863 4063 985 4127 Ephesus.
998 4063 1103 4113 Titulus
1113 4061 1246 4123 Salutarli,
1260 4063 1311 4113 col.
1324 4061 1349 4122 7,
1362 4061 1440 4112 lineis
1450 4059 1481 4110 30
1491 4074 1546 4124 seq.

458 4147 495 4212 (³)
512 4147 613 4214 Ephobi
626 4151 654 4200 in
667 4151 782 4201 thiasum
795 4151 971 4202 admittuntur
989 4152 1035 4219 qui
1055 4152 1084 4200 in
1103 4152 1231 4201 honorem
1246 4151 1357 4202 heroum
1369 4149 1547 4214 Andragoras,

428 4234 573 4300 Epictetus,
593 4236 779 4298 Grslcsllochi,
797 4243 824 4291 et
844 4239 980 4291 Phoenicis
998 4241 1161 4292 constitutus
1181 4245 1230 4292 est.
1256 4241 1354 4304 corpur
1369 4239 1448 4291 turer.
1463 4251 1546 4302 proc,

428 4331 459 4374 ιοο
471 4325 542 4378 otte.

461 4413 497 4480 (4)
515 4413 612 4485 Corpus
625 4418 705 4470 imur.
721 4431 804 4488 proc,
821 4427 850 4469 n·
864 4418 922 4474 olor
937 4437 942 4468 ι
956 4422 979 4470 ol
993 4420 1093 4486 ἔφηόοο,
1107 4419 1132 4468 ol
1146 4418 1210 4482 νέοι,
1228 4421 1251 4470 ol
1265 4418 1345 4472 θίασοι
1357 4417 1454 4478 πάντες.
