3492 5404
809 1403 945 1482 CAPUT
970 1402 1149 1476 PRIMUM.

420 1736 542 1797 QUIBUS
569 1737 604 1788 IN
629 1737 860 1804 clvlrarlbUS,
888 1739 929 1787 ET
954 1736 1023 1798 Qun
1050 1736 1169 1789 AETATE
1194 1737 1360 1792 commta
1386 1740 1534 1794 Eranno-

816 1863 890 1916 RUM
916 1863 1143 1918 FLORUERINT.

465 2158 579 2242 Quum
602 2156 693 2227 tituli
711 2157 816 2228 valde
837 2156 985 2251 dispersi
1014 2156 1109 2248 siut,
1134 2157 1285 2251 primum
1307 2179 1453 2231 necesse
1473 2160 1539 2230 luit

421 2305 482 2355 eos
496 2283 674 2375 colligere,
695 2293 798 2378 prout
817 2283 861 2353 ad
879 2283 1017 2375 singula
1037 2284 1186 2378 collegia
1205 2284 1441 2378 pertinebant.
1457 2285 1538 2369 Qui·

420 2408 487 2480 bus
514 2408 689 2489 collectis,
712 2418 747 2479 et
765 2408 959 2480 secuuilum
985 2421 1156 2480 annorum
1184 2409 1312 2480 seriem
1340 2411 1535 2501 ordinatis,

420 2533 651 2626 quaesivimus
685 2555 764 2626 quae
801 2534 905 2602 luerit
937 2544 1023 2604 aetas
1064 2533 1323 2625 antiquissimi,
1368 2555 1449 2628 quae
1483 2556 1537 2606 re·

420 2658 639 2746 oculissimi;
680 2658 727 2728 ita
767 2659 922 2753 reperire
956 2658 1053 2729 licuit
1088 2659 1286 2752 quamdiu,
1330 2659 1365 2728 in
1399 2681 1539 2753 quaque

421 2783 584 2871 civitate,
607 2783 792 2875 collegium
818 2783 1034 2876 epheborum
1064 2782 1233 2855 lloruerit.
1258 2783 1388 2855 Omnes
1419 2785 1538 2857 titulos

421 2929 506 2980 sane
526 2929 594 2980 nou
613 2908 800 2996 novimus;
824 2931 939 3001 neque
960 2909 1127 3003 temporis
1149 2908 1316 2979 terminos
1341 2909 1442 3001 quasi
1469 2909 1540 2980 sint

422 3033 581 3122 immoti,
603 3033 861 3106 constituimus.
882 3035 1013 3128 Nempe
1034 3033 1108 3105 fieri
1135 3042 1250 3127 potest
1276 3043 1333 3121 ut,
1355 3035 1399 3104 ad
1425 3035 1538 3106 lucem

421 3159 598 3254 provectis
628 3159 730 3230 novis
756 3171 791 3230 et
821 3159 937 3230 adhue
964 3159 1092 3251 ignotis
1123 3157 1432 3252 inscriptionibus,
1463 3159 1536 3246 illi,

421 3306 510 3377 quos
537 3285 735 3378 posuimus,
765 3283 852 3355 fines
876 3285 1015 3376 longius
1040 3295 1301 3356 removeantur.
1326 3282 1427 3366 Quod
1453 3303 1538 3355 vero

422 3409 465 3479 ad
489 3409 606 3481 titulos
626 3418 772 3502 spectat,
793 3410 854 3501 qui
874 3409 1049 3502 usquead
1075 3408 1141 3480 hoc
1170 3418 1307 3510 tempus
1328 3408 1457 3501 publici
1479 3408 1538 3499 ju-

422 3533 470 3603 ris
491 3534 569 3603 lacti
587 3544 690 3622 sunt,
717 3543 834 3604 nostra
849 3588 859 3620 ,
876 3555 980 3626 quam
1002 3534 1250 3628 exposuimus,
1274 3532 1463 3624 indagandi
1482 3553 1536 3604 ra·

423 3659 538 3745 tione,
571 3671 685 3730 certos
717 3659 829 3729 aetatis
862 3659 1029 3731 terminos
1059 3659 1219 3730 iuvenire
1252 3657 1428 3729 videmur.
1464 3657 1537 3728 Jaru

421 3784 562 3870 abhino,
584 3784 865 3876 insequentibus
886 3784 1035 3879 paginis,
1055 3797 1137 3856 uota
1154 3784 1371 3878 epheborum
1390 3781 1537 3875 collegia

422 3909 658 3981 inscribimus.
999 3909 1004 3918 '

474 4035 510 4104 l⁰
530 4035 717 4128 blcgaridis
738 4035 843 4107 urbes
867 4063 874 4104 :

470 4159 700 4252 AEgosthenes
723 4157 837 4254 (Vide
860 4185 867 4229 :
896 4163 1027 4252 Voyope
1049 4158 1314 4252 arcbeolopique‚
1336 4157 1382 4228 Le
1408 4156 1475 4228 Bas
1501 4166 1537 4229 et

421 4285 592 4373 Foucart,
622 4308 657 4354 u.
681 4286 716 4374 3,
747 4282 781 4369 l,
802 4285 837 4374 5,
859 4285 895 4372 6,
917 4285 990 4368 la,
1014 4285 1053 4371 8,
1077 4283 1098 4352 9
1110 4337 1121 4374 ,
1144 4283 1207 4372 l0,
1233 4281 1314 4380 ll).
1344 4282 1537 4354 Titulorum

423 4419 560 4481 aetatem
579 4432 625 4481 ex
642 4431 684 4482 eo
699 4411 881 4501 novimus,
902 4409 997 4504 quod
1016 4409 1148 4483 archon
1168 4409 1265 4481 urbis
1285 4408 1447 4486 boeoticae
1465 4407 1536 4482 On·
