3492 5404
234 921 365 994 Similis
390 920 479 993 ordo
508 920 680 1013 reperitur
706 918 741 988 in
769 917 848 990 aliis
875 917 1069 1012 catalogis,
1100 918 1181 991 licet
1208 918 1304 1014 apud

185 1044 369 1118 Thebanos
394 1042 514 1116 addita
539 1042 610 1113 sint
640 1041 850 1136 supradictis
883 1042 1010 1114 studiis
1042 1043 1218 1138 pugilatus
1246 1039 1304 1140 (l)

186 1165 355 1266 (πυγμή),
383 1179 420 1239 el
446 1167 664 1262 pancratium
693 1163 923 1263 (παγκράτιον)
957 1164 1030 1263 (2),
1064 1179 1099 1239 el
1126 1167 1223 1239 leslls
1254 1176 1308 1239 est

185 1292 375 1366 Pausanias
394 1293 557 1365 eumdem
577 1291 749 1387 Olympiae
769 1292 876 1363 luisse
894 1303 1099 1386 usurpatum
1118 1291 1182 1388 (3).

235 1418 312 1490 Non
330 1418 408 1488 sine
428 1415 541 1488 aetatis
562 1415 765 1487 discrimine
784 1415 819 1486 in
842 1415 934 1487 ludis
959 1416 1086 1510 ephebi
1114 1417 1306 1489 uersaban-

186 1552 257 1616 tnr.
277 1542 413 1614 Etenim
435 1541 470 1612 in
493 1540 597 1614 titulo
616 1541 769 1634 quodam
787 1540 888 1630 chio,
912 1552 1083 1635 apparent
1107 1555 1177 1614 tres
1201 1542 1308 1636 ephe·

186 1669 312 1742 borum
333 1668 482 1756 classes,
504 1689 585 1760 quae
606 1665 777 1761 triplicem
802 1665 918 1739 aetatis
939 1665 1086 1759 gradum
1110 1664 1309 1760 significare

186 1793 367 1867 videntur.

582 1913 689 2014 &pabor
707 1922 848 2013 νεώτεροι

609 2081 655 2093 -
708 2043 795 2136 μέσοι

607 2207 656 2218 -
704 2161 899 2262 πρεσὲύτεροι

235 2317 365 2390 Eadem
386 2330 439 2390 est
457 2318 513 2390 vis
532 2315 729 2412 partitionis
749 2337 855 2409 quarn
876 2317 912 2387 in
933 2316 1093 2410 catalogo
1112 2316 1308 2410 agonistico

187 2445 256 2518 leio
275 2442 597 2540 deprehendimus:
617 2445 760 2538 νεωτέρας
779 2442 923 2529 ἡλικίας,
946 2445 1037 2537 μέσης
1056 2443 1197 2531 ἡλικίας,
1218 2470 1308 2540 πρεσ-

187 2565 310 2666 6υτέρας
326 2571 450 2649 ἡλικίας
466 2565 536 2664 (l).
568 2568 707 2660 Deque
732 2565 920 2661 ancipitem
946 2567 1149 2662 opinionem
1175 2566 1305 2640 Boeokh

188 2694 373 2789 exposuit3
404 2694 482 2767 sive
509 2693 603 2766 enim
627 2693 785 2788 ephebos
811 2693 846 2764 in
868 2693 977 2765 trinas
996 2693 1128 2766 classes
1148 2693 1305 2783 divisos,

187 2818 264 2892 sire
283 2819 411 2916 triplex
430 2819 594 2891 classium
614 2840 748 2912 genus,
779 2817 936 2912 ephebos
962 2819 1097 2890 scilicet
1110 2873 1120 2909 ,
1150 2838 1302 2914 pueros,

187 2956 221 3017 et
235 2945 388 3037 juvenes
409 2945 455 3016 ita
474 2943 651 3034 designari
666 2943 898 3016 existimavit.
917 2943 1059 3016 Collatis
1078 2952 1197 3016 autem
1214 2943 1307 3016 iuter

185 3091 225 3143 se
243 3071 353 3143 titulis
372 3093 480 3164 quum
501 3070 602 3159 chio,
626 3080 699 3140 turn
718 3069 811 3159 teia,
835 3068 1028 3142 verisimile
1052 3066 1090 3140 fit
1112 3069 1214 3142 nobis
1231 3091 1306 3142 rem

186 3196 233 3268 ita
249 3216 328 3268 esse
340 3195 618 3290 expediendam
634 3193 802 3267 videlicet
814 3194 850 3265 in
861 3205 1011 3288 utraque
1023 3195 1169 3267 civitate
1179 3194 1307 3290 ephebi

187 3322 278 3394 inter
297 3333 367 3394 tres
394 3321 525 3394 classes
552 3321 749 3416 dispertiti,
786 3331 890 3415 prout
918 3321 1092 3412 cujusque
1118 3331 1206 3393 aetas
1229 3343 1308 3393 cum

187 3447 295 3520 variis
314 3447 510 3520 studiorum
528 3446 718 3540 generibus
739 3445 997 3535 consentiebat,
1020 3447 1210 3541 separatim
1231 3468 1310 3520 sese

187 3583 438 3646 exercuerunt.

221 3801 255 3867 (l)
272 3799 424 3866 Pugtlatnm
436 3802 551 3867 ephebos
565 3801 673 3854 lacones
687 3815 741 3854 non
755 3802 907 3856 exercuisse
921 3803 1065 3857 verlslmlle
1080 3809 1128 3856 est.
1141 3795 1212 3857 llide
1224 3799 1311 3858 Haase

187 3887 220 3939 nd
233 3889 430 3955 Xenophontis,
442 3891 475 3941 De
484 3891 544 3956 llep.
555 3893 623 3954 Luc..
635 3907 662 3956 p.
675 3891 727 3943 llll.
738 3889 778 3942 (ll.
787 3891 928 3953 Peterson,
939 3895 991 3946 Dor
1001 3895 1172 3960 Gumoarium
1180 3894 1226 3947 dor
1239 3895 1310 3948 Gric-

188 3978 265 4042 ehmr
276 3995 303 4044 P·
315 3978 340 4029 ⁴·
499 3996 513 4006 ’
990 4013 1000 4044 t

220 4067 256 4134 (2)
274 4071 371 4136 eorpus
385 4069 468 4121 iocor.
482 4083 565 4133 aroc,
581 4077 611 4121 ιιυ
627 4069 698 4122 1590.

219 4157 254 4223 (3)
271 4179 283 4205 u
304 4161 353 4211 Καὶ
376 4160 475 4227 δολίχου
497 4178 525 4212 τε
546 4162 626 4228 ἡμέρᾳ
646 4167 676 4227 τῇ
698 4162 759 4227 αὐτῇ
780 4163 823 4213 καὶ
840 4163 981 4232 παραυτίκα
999 4163 1115 4227 σταδίου,
1138 4161 1220 4216 lueet
1240 4161 1308 4226 νίκην

189 4249 327 4316 προσέθηκε
341 4250 441 4302 διαύλου
456 4250 524 4314 σφίσι
537 4252 581 4312 τὴν
596 4250 690 4318 τρίτην.
706 4269 719 4298 u
734 4250 893 4312 Pausanias.
909 4252 956 4317 Vl,
973 4253 1011 4313 13,
1026 4253 1050 4304 3.
1065 4251 1163 4306 Confer
1176 4255 1284 4306 tilulum
1297 4269 1312 4306 e

188 4337 296 4390 ciuitate
308 4337 521 4404 Aphrodisiade,
535 4336 633 4406 corpe
648 4340 728 4393 iocor.
741 4355 828 4406 proc,
844 4351 873 4392 n⁰
887 4341 959 4395 ales.
1322 4341 1325 4349 “

221 4428 260 4492 rt)
279 4429 469 4495 orauere.
483 4443 567 4494 cao„
579 4439 612 4483 η’
624 4429 698 4492 ³0⁸&
