3492 5404
564 1219 704 1291 lNDEX
729 1218 926 1290 CAPITUM.

191 1853 342 1903 Pnornmuu
347 1888 1230 1905 .............................
1296 1854 1311 1904 7

191 1940 280 1991 unm
295 1943 315 1991 l.
330 1942 474 2003 —Quibus
489 1944 516 1991 in
531 1943 683 1992 civilatibus
698 1947 723 1991 et
738 1957 788 2005 qua
803 1947 880 1993 aelatc
895 1945 1005 2008 collegia
1018 1946 1180 2008 epheborum
1191 1945 1235 1994 llo

254 2032 355 2081 ruerint
361 2065 1229 2083 .............................
1284 2033 1312 2084 12

191 2119 280 2171 Curru
297 2121 329 2169 II.
347 2148 376 2158 -
392 2120 430 2172 De
443 2123 546 2186 legibus
560 2124 733 2187 collegiorum
739 2157 1230 2173 .................
1282 2123 1313 2172 ul

223 2213 234 2274 ξ
255 2210 277 2260 1.
292 2239 322 2248 -
338 2211 375 2260 De
391 2212 588 2263 conditionibus
602 2213 739 2277 ephebiam
753 2213 859 2262 ineunui
864 2245 1229 2262 .............
1281 2212 1312 2261 ‘lb

223 2299 235 2365 Ξ
252 2301 275 2349 ‘2.
292 2327 321 2338 -·
336 2297 374 2350 De
390 2307 506 2366 tempore
520 2303 638 2364 eplrebiae
644 2335 1230 2352 ....................
1283 2301 1313 2352 30

224 2389 235 2454 ᾗ
251 2390 273 2438 3.
292 2418 318 2428 --
341 2390 378 2439 De
392 2390 511 2440 formulis
526 2391 640 2439 exeundi
656 2405 688 2438 ex
704 2380 811 2454 ephebia
817 2425 1230 2441 ..............
1282 2391 1312 2440 32

194 2475 282 2527 clim
300 2479 349 2527 liI.
368 2507 397 2516 -
416 2477 455 2528 De
469 2480 666 2542 magistratibus
681 2479 827 2542 ephebiciS,
850 2481 875 2526 et
890 2479 923 2527 de
938 2479 1022 2527 titulis
1043 2493 1109 2542 quos
1126 2480 1235 2529 honoris

255 2583 335 2617 (unse
349 2569 442 2632 ephebi
457 2569 628 2629 sibimetipsis
642 2568 812 2618 vindicabunt
817 2602 1231 2618 ..............
1282 2569 1311 2618 40

224 2657 236 2719 ξ
254 2658 274 2706 l.
291 2685 321 2694 -
334 2657 385 2718 Qui
398 2660 567 2722 magistratus
581 2659 661 2708 attico
676 2662 702 2708 et
714 2658 812 2708 exteris
825 2659 944 2722 collegiis
956 2672 1110 2708 communes
1125 2659 1232 2708 luerint.
1281 2659 1312 2708 lo

225 2751 236 2812 ζ
252 2749 275 2796 2.
292 2775 319 2784 -
335 2747 373 2797 De
385 2749 563 2812 peculiaribus
577 2749 734 2811 quibusdam
748 2749 945 2810 magistratibus
952 2781 1229 2799 ..........
1282 2749 1311 2798 45

225 2865 235 2898 r.
250 2841 272 2886 3.
286 2865 315 2874 -
328 2837 367 2886 De
381 2839 536 2907 muneribus
550 2843 575 2887 et
589 2837 673 2886 titulis
687 2838 839 2886 honorificis
852 2839 1013 2899 epheborum
1019 2872 1229 2887 ........
1282 2838 1312 2886 55

194 2923 281 2974 uum
298 2924 345 2974 lV.
362 2954 390 2962 -
406 2920 449 2974 De*
463 2929 625 2990 epheborum
638 2925 873 2975 exercitationibus
878 2960 1229 2975 ............
1281 2926 1311 2975 ot

224 3013 235 3078 ἒ
254 3014 273 3062 l.
289 3042 317 3051 -
330 3014 369 3064 De
385 3016 467 3065 sacris
473 3049 1230 3066 .........................
1281 3015 1312 3064 62

226 3105 275 3168 ἥῖ.
291 3130 321 3143 -
336 3104 375 3154 De
388 3106 563 3169 gymnastlcis
577 3110 603 3154 et
615 3106 774 3155 militaribus
788 3106 1033 3156 exercitationibus.
1065 3144 1070 3155 .
1100 3141 1106 3154 .
1131 3143 1137 3155 .
1162 3141 1168 3154 .
1193 3142 1199 3155 .
1224 3142 1229 3154 .
1281 3106 1311 3156 til

226 3192 275 3257 33,
290 3221 320 3230 -
333 3193 372 3244 De
385 3195 533 3244 litterarum
545 3198 572 3244 et
585 3195 682 3244 artium
696 3195 791 3245 studiis
795 3230 1197 3244 ..............
1213 3229 1229 3253 ,.
1281 3195 1312 3244 72

170 3267 171 3270 ¹
193 3279 345 3333 concussio.
378 3317 1228 3334 ............................
1235 3335 1239 3345 ,
1281 3283 1312 3333 ”lu

194 3372 326 3423 nuruum
330 3406 1229 3425 ..............................
1281 3371 1312 3422 79
