3492 5404
707 511 746 523 -
768 463 786 539 9
806 511 845 524 ..

217 613 331 684 atticis
350 612 509 684 instituta
531 612 701 684 habuere.
736 612 849 695 Quum
878 612 1005 683 similia
1026 635 1128 707 paene
1154 625 1273 686 essent
1298 615 1332 685 in
1381 671 1387 681 .

217 737 382 810 omnibus
407 737 552 809 Graeciae
577 737 733 831 partibus
757 737 887 806 civium
914 735 1049 827 officia,
1078 737 1126 806 nil
1154 739 1280 809 mirum
1304 739 1335 809 si

189 937 192 942 ,
218 862 388 956 ephebica
408 863 555 955 collegia
582 862 618 932 in
644 861 763 933 mullis
782 861 1008 951 civitatibus,
1037 883 1106 934 eon
1131 862 1334 935 imitationis

216 988 350 1080 gratia,
381 989 446 1060 sed
472 987 573 1080 qnasi
598 997 724 1081 sponte
751 1009 812 1057 sua
842 987 998 1078 viguisse
1019 987 1248 1081 reperiamus.
1271 989 1335 1060 Vel

217 1111 462 1184 deficientibus
479 1112 588 1183 titulis
608 1113 750 1205 quinos
768 1124 952 1183 monerent
967 1113 1112 1204 collegia
1131 1112 1335 1204 hujusmodi

216 1248 316 1309 extra
336 1237 425 1309 fines
445 1237 571 1308 Atticae
591 1238 799 1328 invaluisse,
820 1239 899 1330 quis
918 1249 972 1308 est
991 1239 1051 1330 qui
1069 1239 1211 1309 easdem
1230 1239 1334 1310 disci·
1366 1264 1369 1270 ’

216 1363 330 1456 plinas
354 1385 399 1434 ex
420 1363 544 1436 iisdem
567 1365 681 1434 causis
699 1363 892 1434 defluxisse
905 1363 1164 1481 alfiwnou
1182 1365 1335 1433 audeat‘l

216 1485 378 1560 Attamen
401 1509 470 1560 non
491 1488 564 1560 sola
582 1511 698 1558 rerum
715 1489 825 1577 ratio,
847 1489 1093 1559 verumetiam
1113 1489 1282 1560 nonnulla
1299 1490 1335 1560 iu

217 1612 346 1684 tabulis
366 1613 532 1706 iuscripta
553 1612 763 1685 documenta
778 1623 914 1684 ceteros
928 1613 1088 1709 Graecos,
1107 1613 1202 1684 haud
1219 1614 1334 1685 nrinus

215 1747 321 1830 alque
335 1737 584 1828 Athenienses,
602 1738 819 1810 educandam
834 1739 1057 1829 juventutem
1073 1739 1244 1832 singulari
1261 1751 1335 1811 stu·
1409 1745 1412 1751 ’

216 1864 275 1936 dio
289 1885 432 1936 curasse
449 1865 691 1958 comprobant.
708 1864 832 1948 Qualia
850 1865 976 1936 luerint
994 1865 1052 1936 illa
1069 1877 1185 1936 eutero
1203 1867 1337 1959 callepio

217 1987 257 2082 (si
278 1989 325 2059 ita
346 1989 565 2061 denominari
589 1989 739 2086 placet),
763 2012 866 2061 nemo
885 1991 1002 2060 adhuc
1021 1991 1240 2085 explanavit.
1263 1993 1336 2065 Hoc

216 2115 433 2208 propositum
462 2115 592 2204 habui,
620 2116 816 2210 peregrinae
842 2116 1003 2208 ephebiae
1022 2117 1123 2210 quasi
1144 2119 1334 2210 imaginem

216 2239 419 2332 delineare,
452 2241 572 2334 leges,
607 2242 787 2332 instituta,
820 2242 1023 2335 disciplinas
1049 2242 1273 2334 describere,
1301 2252 1336 2315 et

215 2365 432 2459 praesertim,
455 2368 548 2459 quod
572 2367 725 2438 maximo
746 2365 829 2435 mihi
852 2367 886 2436 in
907 2340 1024 2440 animo
1045 2369 1131 2456 fuit,
1160 2381 1335 2463 quatenus

215 2491 260 2560 ab
279 2491 383 2562 attica
408 2491 557 2585 ephebia
583 2492 763 2563 dissimilis
783 2493 977 2582 exstiterit,
1000 2494 1195 2586 inquirere.
1219 2496 1272 2566 Ex
1292 2497 1335 2568 iis

215 2637 295 2709 quae
313 2616 357 2699 de
376 2617 524 2708 collegio
544 2619 650 2690 altico
667 2618 845 2706 novimus,
862 2619 996 2711 aliquid
1011 2641 1098 2691 sane
1113 2620 1158 2691 ad
1176 2631 1333 2693 nostrum

215 2739 738 2835 inceptumredundabit3quod
751 2742 1213 2834 siquaedamobscurioraiu
1226 2745 1334 2816 titulis

215 2865 347 2937 exteris
365 2877 564 2961 occurrant,
580 2867 621 2937 iis
640 2867 740 2958 quasi
757 2867 876 2937 lumen
892 2867 1097 2957 admovere,
1109 2869 1257 2958 juvante
1272 2867 1335 2938 At-

214 2989 295 3080 tioa,
313 2990 443 3063 licebit.
462 2991 597 3064 Etenim
615 2994 718 3063 attica
734 2992 884 3085 ephebia
896 3003 985 3063 ante
1005 3015 1128 3065 omnes
1142 2995 1335 3088 praelucere

214 3115 377 3208 videtur,
398 3139 514 3210 neque
534 3117 604 3188 ulla
622 3128 675 3189 est
694 3136 774 3210 quae
795 3119 868 3212 pari
888 3119 1026 3189 lortuna
1047 3119 1253 3192 invaluerit..
1377 3207 1379 3211 .

262 3240 444 3336 Incipienti
460 3243 574 3314 cuivis
590 3244 680 3314 hanc
695 3244 855 3337 ephebiae
871 3244 1053 3350 historiam
1069 3255 1236 3332 tractare,
1251 3245 1333 3316 bina

213 3365 503 3439 documentorum
531 3391 661 3460 genera
687 3369 915 3462 suppeditant
943 3395 951 3438 :
979 3369 1054 3440 haec
1082 3369 1334 3442 historicorum

164 3567 166 3572 ,
213 3492 269 3563 vel
285 3492 575 3588 philosophorum
590 3495 737 3589 scripta,
757 3494 814 3564 illa
833 3494 1047 3588 epigraphici
1069 3497 1159 3566 tituli
1180 3496 1335 3568 tradide-

213 3627 306 3688 runt.
328 3616 396 3688 Cur
415 3641 487 3690 rem
510 3629 616 3692 totam
638 3641 708 3692 non
727 3619 911 3714 amplexus
931 3620 1020 3709 sim,
1043 3632 1078 3692 et
1102 3644 1121 3692 e
1143 3621 1256 3692 titulis
1277 3644 1334 3693 so·

213 3741 285 3824 lum
311 3742 460 3834 hujusce
486 3745 645 3839 opusculi
672 3745 852 3816 materiem
877 3735 1181 3840 deprompserim‚
1213 3748 1335 3841 paucis

214 3887 402 3961 exponam.
424 3871 459 3940 Si
479 3893 558 3963 quae
579 3870 623 3941 de
643 3871 812 3942 institutis
833 3871 956 3962 graecis
980 3872 1119 3964 antiqui
1145 3873 1334 3965 scriptores

216 3992 411 4065 retulerunt
430 3996 614 4082 revolvas,
635 3996 766 4088 saepius
783 3995 896 4066 omitti
914 3982 1074 4089 ephebiae
1093 3994 1224 4068 nomen
1243 4019 1336 4069 oom-

215 4127 351 4209 pertum
372 4118 541 4210 hahebis;
569 4119 686 4190 nullus
712 4119 805 4190 enim
832 4131 885 4191 est
911 4120 987 4192 sive
1014 4122 1227 4211 historicus,
1258 4122 1337 4193 sive

214 4240 465 4339 philosophus,
487 4245 547 4338 qui
563 4245 723 4340 ephebiae
740 4246 836 4338 leges
854 4257 888 4317 et
904 4247 1108 4341 disciplinas
1129 4248 1174 4319 de
1195 4248 1335 4340 integro

214 4368 414 4463 exprimere
430 4393 617 4464 aggressus
631 4373 689 4444 sit.
706 4371 875 4455 Quaedam
895 4349 1139 4447 tantummodo
1156 4373 1336 4471 repertum
