3492 5404
613 514 616 519 ·
686 484 846 545 —ii-

209 623 400 712 militares,
423 623 551 717 quibus
570 623 724 714 juvenes
747 621 1008 709 inscribuntur,
1028 646 1161 716 quum,
1184 633 1326 718 peracto

208 747 368 844 ephebiae
385 759 567 842 temporae,
582 747 666 818 vitae
679 746 829 840 publicae
842 745 956 818 officia
969 749 1209 842 auspicantur.
1225 749 1325 842 Saepe

207 873 311 944 edan
333 872 425 943 tituli
445 873 611 944 funebres
631 871 759 966 ephebi
784 873 968 963 cujusdam
989 894 1118 944 nornen
1141 873 1322 966 praebent;

205 1019 295 1092 quos
317 999 507 1091 prudenter
533 999 819 1086 attrectavimus;
847 1017 927 1066 nam
953 1005 1069 1066 utrum
1090 996 1252 1090 ephebiae
1276 998 1325 1069 ci·

206 1123 286 1195 vilis
305 1143 350 1193 an
371 1123 539 1193 naturalis
555 1122 687 1194 mentio
707 1123 794 1193 facta
813 1121 878 1208 sit,
902 1121 1073 1192 nonsatis
1092 1121 1214 1214 liquet.
1232 1122 1324 1194 Prae·

206 1257 259 1318 ter
275 1270 365 1340 quos
383 1247 417 1317 in
438 1249 574 1340 Corpore
591 1249 834 1340 inscriptionum
846 1269 1029 1340 procorum
1048 1245 1176 1316 Boeckh
1198 1247 1322 1336 edidit,

205 1382 240 1443 et
268 1373 497 1466 suppeditant
522 1372 737 1444 recentiores
757 1372 858 1460 libri,
891 1381 929 1441 ut
954 1372 977 1441 ii
1004 1375 1066 1464 qui
1087 1371 1325 1443 inscribuntur

204 1497 391 1589 Rangaba,
422 1499 606 1588 Antiquitas
632 1498 843 1588 botidniques,
876 1498 1005 1588 Vopope
1027 1497 1267 1590 orcbdolopt'puo
1287 1498 1325 1567 de

205 1624 247 1693 be
263 1625 344 1710 Bos,
366 1622 457 1705 Keil,
474 1623 606 1716 Syllope
622 1624 865 1714 inscriptionum
882 1622 1108 1708 nuntiatorum,
1127 1633 1210 1708 ete,
1234 1622 1324 1692 mui-

207 1756 259 1818 tos
278 1747 384 1817 etiam
402 1748 599 1840 reperimus
617 1747 652 1816 in
670 1746 792 1817 diariis
807 1746 864 1818 uei
882 1746 1069 1839 periodicis
1090 1745 1324 1840 ephemeridi-

205 1869 271 1942 bus
300 1871 571 1960 helleuicis;,in
607 1871 649 1942 iis
680 1871 813 1942 scilicet
840 1893 921 1963 quae
948 1871 1112 1941 dicuntur
1145 1868 1321 1958 Ἀθήναιον,

206 1990 370 2091 Πανδώρα,
388 2007 424 2067 et
442 1997 521 2068 aliis
540 2019 621 2090 quae
641 1997 801 2091 Smyrnae
821 1997 878 2067 vel
898 1973 1196 2089 Constantinopoli
1212 1997 1324 2090 pubti-

204 2129 328 2190 cantur
346 2116 545 2215 (Ἑλληνικὸς
564 2126 762 2216 φιλολογικὸς
784 2125 936 2216 Σύλλογος
962 2127 990 2189 ἐν
1014 2121 1153 2203 Κβπόλει
1172 2162 1219 2172 -
1238 2137 1322 2191 Μου-

206 2255 285 2315 σεῖον
303 2248 356 2314 καὶ
370 2243 553 2323 Βιὸλιοθῆκη
570 2257 627 2327 τῆς
643 2252 849 2342 Εὐαγγελικῆς
863 2254 983 2340 Σχολῆς
1001 2251 1029 2314 ἐν
1046 2249 1174 2342 Σμύρνῃ.
1197 2245 1319 2342 4876).

204 2369 336 2442 Titulos
353 2372 507 2465 denique
524 2372 584 2465 qui
603 2383 664 2442 aut
682 2370 826 2456 inediti,
846 2370 1041 2440 autminus
1062 2370 1133 2441 noti
1152 2370 1235 2440 mibi
1254 2371 1321 2442 visi

204 2509 306 2584 sunt,
328 2496 373 2567 ad
393 2497 524 2568 calcem
542 2497 689 2588 hujusce
708 2495 956 2589 disputationis
975 2495 1123 2586 subjeci.
