3492 5404
902 500 1060 565 ..32-

422 637 552 708 classes
571 635 838 724 discernuntur,
866 657 947 729 quaa
967 636 1079 708 tribus
1098 637 1200 706 annis
1220 634 1458 728 respondent3
1491 636 1538 708 ita

422 761 643 855 interpretari
660 761 761 832 decet
778 760 920 831 nomina
937 762 1069 855 quaein
1087 760 1204 854 lapido
1218 761 1383 852 leguntur
1400 783 1408 830 :
1429 757 1538 856 ἕφηΰοι

420 891 577 982 νεώτεροι,
598 926 644 938 —-
669 891 772 982 μέσοι,
801 927 847 938 -
873 884 1081 982 rrpcolidrapor.
1114 886 1182 957 Sed
1212 897 1314 979 prout
1345 895 1540 980 temporum

423 1011 593 1083 varietate
617 1010 798 1082 civitatum
825 1010 920 1104 leges
940 1020 975 1082 et
995 1020 1106 1081 status
1125 1019 1256 1081 mutata
1282 1021 1384 1099 suut,
1407 1010 1539 1082 similes

422 1136 517 1207 vices
546 1145 653 1230 atque
682 1135 805 1225 attica,
839 1145 961 1207 extera
989 1136 1138 1230 ephebia
1167 1156 1269 1229 passa
1302 1147 1376 1224 esl3
1412 1135 1541 1207 docent

422 1261 515 1333 onim
531 1261 627 1332 attici
644 1261 733 1331 tituli
753 1261 924 1332 adunam
942 1283 1096 1349 annum,
1117 1282 1272 1332 romanae
1289 1260 1538 1332 dominationis

421 1393 545 1474 aetate,
568 1386 746 1457 redactum
767 1386 875 1457 fuisse
895 1385 1057 1480 ephebiae
1075 1397 1224 1479 tempus.

470 1509 586 1580 Talem
619 1531 752 1581 morem
787 1510 1018 1603 praevaluisse
1051 1510 1286 1604 comperimus
1321 1510 1356 1581 io
1390 1509 1539 1602 collegio

420 1633 613 1729 cyziceno,
642 1635 738 1728 quod
777 1635 882 1707 attico
912 1636 1000 1707 mire
1027 1635 1210 1706 consimile
1242 1635 1387 1706 exstitit.
1423 1635 1538 1719 Quum

422 1759 549 1853 ephebi
566 1782 674 1830 unuin
692 1769 825 1830 tantum
841 1782 972 1831 annum
987 1760 1139 1855 publicae
1154 1761 1350 1854 disciplinae
1365 1759 1538 1832 beneficio

422 1883 639 1972 fruerentur,
670 1884 847 1955 nonnullis
876 1885 976 1954 licuit
1006 1885 1156 1955 alterum
1185 1906 1315 1955 annum
1337 1885 1371 1954 in
1386 1884 1541 1976 collegio

422 2031 602 2104 peragere.
631 2010 668 2079 ln
695 2009 795 2082 tilulo
813 2009 967 2103 quodam
991 2011 1157 2104 cyziceno
1181 2005 1258 2103 (l),
1295 2010 1454 2103 ephebus
1480 2009 1540 2102 qui

419 2144 566 2206 vocatur
585 2132 708 2215 Ἰούλιος
726 2137 859 2214 Λόλλιος
878 2132 1022 2230 Ἰγνάτιος
1046 2135 1081 2204 in
1106 2135 1220 2206 sl'onle
1248 2135 1376 2205 labulae
1393 2133 1539 2227 inscrip-

421 2268 553 2346 tosest,
567 2269 827 2353 etpostnourcn
839 2259 915 2350 ejus
926 2241 1224 2353 formulablpadoc
1240 2268 1358 2330 monet
1365 2259 1535 2349 juvenem
1613 2299 1615 2304 ·

420 2383 581 2478 ephebiae
608 2393 746 2479 tempus
773 2385 919 2456 iterasse
945 2382 1014 2479 (2).
1049 2382 1265 2476 Adolescens
1294 2383 1349 2454 bis
1377 2383 1536 2477 ephebus

419 2518 502 2580 ante
529 2509 690 2596 sodales,
726 2519 803 2602 post
828 2508 1089 2602 ephebarchum
1114 2519 1149 2580 et
1175 2507 1532 2603 bypcpbeharchum,

422 2633 643 2725 magistratus
662 2633 797 2704 scilicet
815 2633 973 2725 collegii,
1003 2634 1221 2725 designatur.
1252 2633 1359 2704 Usum
1385 2631 1535 2704 iterandi

420 2758 580 2852 ephebiae
605 2771 742 2852 tempus
770 2781 884 2852 neque
907 2760 942 2828 in
969 2759 1095 2830 ceteris
1115 2757 1271 2850 collegiis
1297 2757 1532 2850 deprehendi·

420 2905 518 2972 mus,
541 2905 658 2977 neque
680 2884 774 2955 allici
797 2884 888 2954 tituli
907 2893 1202 2970 commemorant3
1227 2884 1291 2954 sed
1316 2883 1402 2953 alias
1431 2882 1536 2953 ctiam

420 3008 617 3097 exstitisse,
639 3009 778 3102 quoties
797 3008 958 3102 ephebiae
980 3019 1117 3103 tempus
1137 3009 1182 3078 ad
1199 3030 1307 3078 unum
1328 3029 1459 3078 auorum
1479 3028 1535 3077 re·

420 3132 559 3206 doctum
580 3143 653 3222 est,
675 3133 879 3206 existimare
900 3155 969 3206 non
991 3133 1095 3228 plane
1115 3133 1321 3225 refugimus.

702 3405 714 3471 fl
732 3411 754 3456 3.
774 3433 800 3444 -
818 3407 850 3458 lle
866 3405 971 3458 formulis
988 3406 1085 3458 exeundi
1102 3419 1130 3456 ex
1147 3405 1253 3470 ephebia.

467 3623 543 3694 Non
573 3622 685 3694 solum
713 3621 863 3716 ephebia
893 3622 977 3693 vitae
1005 3622 1119 3694 civilis
1140 3622 1302 3715 quaedam
1330 3621 1537 3694 exercitatio

450 3879 486 3944 (l)
504 3879 689 3943 corpusinscr.
705 3891 789 3942 proc,
806 3886 835 3928 n⁰
849 3877 920 3940 3665,
938 3880 955 3929 l.
974 3879 1012 3928 ll.

452 3969 486 4034 (l)
502 3967 602 4020 Boeclrh
618 3968 807 4018 animadvertit
826 3969 942 4018 litteram
957 3968 1029 4018 illam
1046 3950 1068 4035 ’β’
1086 3981 1140 4017 non
1156 3968 1274 4028 nomini,
1298 3966 1345 4017 sed
1358 3969 1440 4018 verbo
1454 3967 1541 4031 ἔφηὸος

419 4058 569 4110 arctissime
577 4059 724 4113 cohaerere;
738 4071 823 4120 neque
835 4058 875 4106 fas
887 4071 945 4107 esse
957 4072 1014 4109 cam
1026 4058 1193 4120 interpretari
1205 4057 1297 4108 eodem
1307 4056 1385 4106 modo
1397 4070 1449 4119 quo
1462 4056 1539 4112 infra.

420 4147 448 4196 in
458 4147 536 4217 titulo
548 4146 641 4209 dequo
653 4159 725 4196 nunc
735 4144 885 4209 disputatur
896 4147 936 4206 (n0
947 4145 1017 4198 3665.
1029 4146 1046 4194 l.
1058 4143 1097 4204 20,
1112 4145 1152 4202 30,
1164 4145 1203 4208 45,
1218 4144 1256 4201 48,
1270 4143 1386 4194 secunda
1396 4144 1539 4206 columna).

421 4235 461 4286 lbi
475 4235 546 4286 enim
561 4234 648 4285 littera
661 4215 717 4300 pat
727 4236 837 4284 verbum
852 4236 918 4302 τρίς,
940 4235 1101 4298 epheborum
1121 4233 1274 4292 nominibus
1295 4235 1417 4298 admota,
1433 4235 1541 4284 monent

418 4326 530 4388 iuvenes
544 4324 614 4374 idem
628 4337 724 4373 nomen
738 4337 770 4373 ac
784 4331 885 4386 patrem
899 4324 1038 4384 habuisse;
1060 4323 1173 4386 lapicida
1186 4303 1331 4390 litteram-ll
1345 4324 1388 4376 vel
1401 4335 1541 4373 numerum

420 4413 470 4482 τρίς
482 4413 633 4478 inscripsit,
649 4427 684 4464 ne
698 4413 739 4462 bis
753 4412 823 4463 idem
834 4426 931 4463 nomen
945 4426 1054 4464 exarare
1067 4415 1213 4477 cogeretur.
