<?xml version="1.0" encoding="UTF-8"?>
<!DOCTYPE html PUBLIC "-//W3C//DTD XHTML 1.0 Transitional//EN"
    "http://www.w3.org/TR/xhtml1/DTD/xhtml1-transitional.dtd">
<html xmlns="http://www.w3.org/1999/xhtml" xml:lang="en" lang="en">
 <head>
  <title>
</title>
<meta http-equiv="Content-Type" content="text/html;charset=utf-8" />
  <meta name='ocr-system' content='tesseract 3.04.00' />
  <meta name='ocr-capabilities' content='ocr_page ocr_carea ocr_par ocr_line ocrx_word'/>
</head>
<body>
  <div class='ocr_page' id='page_1' title='image "./quiddecollegiis00collgoog_0025.png"; bbox 0 0 3492 5404; ppageno 0'>
   <div class='ocr_carea' id='block_1_1' title="bbox 361 507 1618 2734">
    <p class='ocr_par' dir='ltr' id='par_1_1' title="bbox 911 507 1070 570">
     <span class='ocr_line' id='line_1_1' title="bbox 911 507 1070 570; baseline 0.013 -18"><span class='ocrx_word' id='word_1_1' title='bbox 911 541 950 552; x_wconf 86' lang='lat'>..</span> <span class='ocrx_word' id='word_1_2' title='bbox 973 507 1070 570; x_wconf 75' lang='lat'>13..</span> 
     </span>
    </p>

    <p class='ocr_par' dir='ltr' id='par_1_2' title="bbox 480 637 1205 743">
     <span class='ocr_line' id='line_1_2' title="bbox 480 637 1205 743; baseline 0.004 -31"><span class='ocrx_word' id='word_1_3' title='bbox 480 640 581 712; x_wconf 93' lang='lat' dir='ltr'>llium</span> <span class='ocrx_word' id='word_1_4' title='bbox 602 637 741 736; x_wconf 82' lang='lat' dir='ltr'>(Corpus</span> <span class='ocrx_word' id='word_1_5' title='bbox 757 645 856 714; x_wconf 82' lang='lat' dir='ltr'>inser.</span> <span class='ocrx_word' id='word_1_6' title='bbox 877 666 994 737; x_wconf 71' lang='lat' dir='ltr'>prmo,</span> <span class='ocrx_word' id='word_1_7' title='bbox 1018 655 1056 716; x_wconf 87' lang='lat' dir='ltr'>n⁰</span> <span class='ocrx_word' id='word_1_8' title='bbox 1075 644 1205 743; x_wconf 74' lang='lat'>3620).</span> 
     </span>
    </p>

    <p class='ocr_par' dir='ltr' id='par_1_3' title="bbox 429 764 1618 1590">
     <span class='ocr_line' id='line_1_3' title="bbox 479 764 1548 874; baseline 0.011 -39"><span class='ocrx_word' id='word_1_9' title='bbox 479 764 669 857; x_wconf 81' lang='lat' dir='ltr'><strong>Pergamus</strong></span> <span class='ocrx_word' id='word_1_10' title='bbox 688 767 811 862; x_wconf 76' lang='lat' dir='ltr'>Mysiae</span> <span class='ocrx_word' id='word_1_11' title='bbox 835 765 851 862; x_wconf 82' lang='lat'><strong>(</strong></span> <span class='ocrx_word' id='word_1_12' title='bbox 858 771 979 863; x_wconf 75' lang='lat' dir='ltr'>Corpus</span> <span class='ocrx_word' id='word_1_13' title='bbox 1004 772 1102 874; x_wconf 72' lang='lat' dir='ltr'>iasar.</span> <span class='ocrx_word' id='word_1_14' title='bbox 1126 794 1244 863; x_wconf 66' lang='lat' dir='ltr'>yroec„</span> <span class='ocrx_word' id='word_1_15' title='bbox 1267 782 1305 842; x_wconf 88' lang='lat' dir='ltr'>n⁰</span> <span class='ocrx_word' id='word_1_16' title='bbox 1327 770 1450 868; x_wconf 84' lang='lat'>3538).</span> <span class='ocrx_word' id='word_1_17' title='bbox 1476 774 1548 846; x_wconf 85' lang='lat' dir='ltr'>Mo·</span> 
     </span>
     <span class='ocr_line' id='line_1_4' title="bbox 431 867 1548 985; baseline 0.009 -27"><span class='ocrx_word' id='word_1_18' title='bbox 431 867 586 960; x_wconf 88' lang='lat' dir='ltr'>moratur</span> <span class='ocrx_word' id='word_1_19' title='bbox 606 890 653 961; x_wconf 93' lang='lat' dir='ltr'>ibi</span> <span class='ocrx_word' id='word_1_20' title='bbox 674 891 797 963; x_wconf 90' lang='lat' dir='ltr'>tertius</span> <span class='ocrx_word' id='word_1_21' title='bbox 811 893 1110 985; x_wconf 78' lang='lat' dir='ltr'>Pergamenorum</span> <span class='ocrx_word' id='word_1_22' title='bbox 1133 905 1363 985; x_wconf 82' lang='lat' dir='ltr'>neocoratus3</span> <span class='ocrx_word' id='word_1_23' title='bbox 1391 896 1474 968; x_wconf 90' lang='lat' dir='ltr'>inde</span> <span class='ocrx_word' id='word_1_24' title='bbox 1494 919 1548 968; x_wconf 89' lang='lat' dir='ltr'>re·</span> 
     </span>
     <span class='ocr_line' id='line_1_5' title="bbox 430 1009 1549 1112; baseline 0.007 -26"><span class='ocrx_word' id='word_1_25' title='bbox 430 1015 587 1110; x_wconf 90' lang='lat' dir='ltr'>perimus</span> <span class='ocrx_word' id='word_1_26' title='bbox 612 1009 750 1088; x_wconf 88' lang='lat' dir='ltr'>aetatem</span> <span class='ocrx_word' id='word_1_27' title='bbox 772 1017 898 1112; x_wconf 87' lang='lat' dir='ltr'>lapidis</span> <span class='ocrx_word' id='word_1_28' title='bbox 919 1019 1010 1091; x_wconf 90' lang='lat' dir='ltr'>inter</span> <span class='ocrx_word' id='word_1_29' title='bbox 1032 1018 1203 1092; x_wconf 81' lang='lat' dir='ltr'>Antonini</span> <span class='ocrx_word' id='word_1_30' title='bbox 1227 1021 1277 1092; x_wconf 93' lang='lat' dir='ltr'>Pii</span> <span class='ocrx_word' id='word_1_31' title='bbox 1305 1032 1341 1093; x_wconf 92' lang='lat' dir='ltr'>et</span> <span class='ocrx_word' id='word_1_32' title='bbox 1364 1020 1549 1094; x_wconf 86' lang='lat' dir='ltr'>Caracallae</span> 
     </span>
     <span class='ocr_line' id='line_1_6' title="bbox 430 1142 1547 1241; baseline 0.004 -29"><span class='ocrx_word' id='word_1_33' title='bbox 430 1142 646 1238; x_wconf 81' lang='lat' dir='ltr'>principatus</span> <span class='ocrx_word' id='word_1_34' title='bbox 664 1164 742 1215; x_wconf 90' lang='lat' dir='ltr'>esse</span> <span class='ocrx_word' id='word_1_35' title='bbox 758 1143 996 1216; x_wconf 78' lang='lat' dir='ltr'>statuendam.</span> <span class='ocrx_word' id='word_1_36' title='bbox 1019 1144 1117 1217; x_wconf 79' lang='lat' dir='ltr'>Alter</span> <span class='ocrx_word' id='word_1_37' title='bbox 1135 1147 1277 1236; x_wconf 91' lang='lat' dir='ltr'>titulus,</span> <span class='ocrx_word' id='word_1_38' title='bbox 1300 1169 1413 1241; x_wconf 92' lang='lat' dir='ltr'>nuper</span> <span class='ocrx_word' id='word_1_39' title='bbox 1430 1169 1547 1241; x_wconf 90' lang='lat' dir='ltr'>reper-</span> 
     </span>
     <span class='ocr_line' id='line_1_7' title="bbox 430 1245 1618 1366; baseline 0.005 -29"><span class='ocrx_word' id='word_1_40' title='bbox 430 1275 486 1338; x_wconf 88' lang='lat' dir='ltr'>tus</span> <span class='ocrx_word' id='word_1_41' title='bbox 506 1268 540 1338; x_wconf 90' lang='lat' dir='ltr'>in</span> <span class='ocrx_word' id='word_1_42' title='bbox 561 1267 642 1340; x_wconf 89' lang='lat' dir='ltr'>vico</span> <span class='ocrx_word' id='word_1_43' title='bbox 662 1269 758 1341; x_wconf 88' lang='lat' dir='ltr'>dicto</span> <span class='ocrx_word' id='word_1_44' title='bbox 777 1268 1034 1362; x_wconf 81' lang='lat' dir='ltr'>Kirk-Agatsch</span> <span class='ocrx_word' id='word_1_45' title='bbox 1057 1267 1131 1366; x_wconf 89' lang='lat' dir='ltr'>(l),</span> <span class='ocrx_word' id='word_1_46' title='bbox 1154 1273 1323 1364; x_wconf 84' lang='lat' dir='ltr'>Pergamo</span> <span class='ocrx_word' id='word_1_47' title='bbox 1339 1283 1434 1344; x_wconf 89' lang='lat' dir='ltr'>certe</span> <span class='ocrx_word' id='word_1_48' title='bbox 1450 1245 1556 1343; x_wconf 74' lang='lat' dir='ltr'>attri-</span> <span class='ocrx_word' id='word_1_49' title='bbox 1616 1321 1618 1328; x_wconf 87' lang='lat'>-</span> 
     </span>
     <span class='ocr_line' id='line_1_8' title="bbox 429 1392 1548 1489; baseline 0.005 -27"><span class='ocrx_word' id='word_1_50' title='bbox 429 1392 592 1464; x_wconf 91' lang='lat' dir='ltr'>buendus</span> <span class='ocrx_word' id='word_1_51' title='bbox 613 1393 771 1483; x_wconf 89' lang='lat' dir='ltr'>videtur;</span> <span class='ocrx_word' id='word_1_52' title='bbox 791 1415 897 1486; x_wconf 89' lang='lat' dir='ltr'>quem</span> <span class='ocrx_word' id='word_1_53' title='bbox 914 1394 954 1467; x_wconf 85' lang='lat' dir='ltr'>E.</span> <span class='ocrx_word' id='word_1_54' title='bbox 975 1394 1114 1466; x_wconf 89' lang='lat' dir='ltr'>Curtius</span> <span class='ocrx_word' id='word_1_55' title='bbox 1135 1393 1368 1467; x_wconf 79' lang='lat' dir='ltr'>Attalidarum</span> <span class='ocrx_word' id='word_1_56' title='bbox 1390 1406 1548 1489; x_wconf 88' lang='lat' dir='ltr'>tempore</span> 
     </span>
     <span class='ocr_line' id='line_1_9' title="bbox 429 1517 1079 1590; baseline 0 -2"><span class='ocrx_word' id='word_1_57' title='bbox 429 1528 612 1588; x_wconf 84' lang='lat' dir='ltr'>exaratum</span> <span class='ocrx_word' id='word_1_58' title='bbox 632 1517 741 1590; x_wconf 87' lang='lat' dir='ltr'>luisse</span> <span class='ocrx_word' id='word_1_59' title='bbox 757 1527 1031 1590; x_wconf 83' lang='lat' dir='ltr'>commentatur.</span> <span class='ocrx_word' id='word_1_60' title='bbox 1077 1535 1079 1539; x_wconf 84' lang='lat'>·</span> 
     </span>
    </p>

    <p class='ocr_par' dir='ltr' id='par_1_4' title="bbox 428 1642 1548 1864">
     <span class='ocr_line' id='line_1_10' title="bbox 478 1642 1548 1737; baseline 0.004 -25"><span class='ocrx_word' id='word_1_61' title='bbox 478 1642 585 1714; x_wconf 87' lang='lat' dir='ltr'>Elaia.</span> <span class='ocrx_word' id='word_1_62' title='bbox 600 1643 747 1714; x_wconf 87' lang='lat' dir='ltr'>AEtatem</span> <span class='ocrx_word' id='word_1_63' title='bbox 765 1643 855 1713; x_wconf 91' lang='lat' dir='ltr'>tituli</span> <span class='ocrx_word' id='word_1_64' title='bbox 867 1644 960 1737; x_wconf 91' lang='lat' dir='ltr'>apud</span> <span class='ocrx_word' id='word_1_65' title='bbox 972 1644 1203 1716; x_wconf 81' lang='lat' dir='ltr'>Kilisse·Keut</span> <span class='ocrx_word' id='word_1_66' title='bbox 1217 1643 1370 1736; x_wconf 88' lang='lat' dir='ltr'>inventi,</span> <span class='ocrx_word' id='word_1_67' title='bbox 1386 1645 1548 1737; x_wconf 86' lang='lat' dir='ltr'>designat</span> 
     </span>
     <span class='ocr_line' id='line_1_11' title="bbox 428 1766 1037 1864; baseline 0.002 -26"><span class='ocrx_word' id='word_1_68' title='bbox 428 1789 556 1840; x_wconf 93' lang='lat' dir='ltr'>nomen</span> <span class='ocrx_word' id='word_1_69' title='bbox 576 1766 682 1839; x_wconf 80' lang='lat' dir='ltr'>Attali</span> <span class='ocrx_word' id='word_1_70' title='bbox 703 1769 948 1842; x_wconf 89' lang='lat' dir='ltr'>Philometoris</span> <span class='ocrx_word' id='word_1_71' title='bbox 967 1767 1037 1864; x_wconf 73' lang='grc'>(2).</span> 
     </span>
    </p>

    <p class='ocr_par' dir='ltr' id='par_1_5' title="bbox 361 1891 1548 2240">
     <span class='ocr_line' id='line_1_12' title="bbox 361 1891 1548 2002; baseline 0.002 -39"><span class='ocrx_word' id='word_1_72' title='bbox 361 1915 365 1923; x_wconf 97' lang='grc'><strong><em>·</em></strong></span> <span class='ocrx_word' id='word_1_73' title='bbox 476 1892 582 1987; x_wconf 81' lang='lat' dir='ltr'>Cyme</span> <span class='ocrx_word' id='word_1_74' title='bbox 606 1891 745 1989; x_wconf 81' lang='lat' dir='ltr'>(Corpus</span> <span class='ocrx_word' id='word_1_75' title='bbox 766 1895 864 1965; x_wconf 82' lang='lat' dir='ltr'>iorcr.</span> <span class='ocrx_word' id='word_1_76' title='bbox 883 1914 1006 2002; x_wconf 75' lang='lat' dir='ltr'>prmo,</span> <span class='ocrx_word' id='word_1_77' title='bbox 1035 1905 1072 1964; x_wconf 90' lang='lat' dir='ltr'>n⁰</span> <span class='ocrx_word' id='word_1_78' title='bbox 1098 1892 1227 1991; x_wconf 71' lang='grc'>3520).</span> <span class='ocrx_word' id='word_1_79' title='bbox 1249 1893 1434 1966; x_wconf 85' lang='lat' dir='ltr'>Decretum</span> <span class='ocrx_word' id='word_1_80' title='bbox 1456 1896 1548 1967; x_wconf 91' lang='lat' dir='ltr'>inter</span> 
     </span>
     <span class='ocr_line' id='line_1_13' title="bbox 427 2016 1544 2114; baseline 0.002 -25"><span class='ocrx_word' id='word_1_81' title='bbox 427 2039 539 2090; x_wconf 89' lang='lat' dir='ltr'>annos</span> <span class='ocrx_word' id='word_1_82' title='bbox 567 2016 638 2091; x_wconf 73' lang='lat'>752</span> <span class='ocrx_word' id='word_1_83' title='bbox 667 2031 702 2092; x_wconf 90' lang='lat' dir='ltr'>et</span> <span class='ocrx_word' id='word_1_84' title='bbox 730 2018 800 2089; x_wconf 93' lang='grc'>767</span> <span class='ocrx_word' id='word_1_85' title='bbox 827 2020 872 2090; x_wconf 87' lang='lat' dir='ltr'>ab</span> <span class='ocrx_word' id='word_1_86' title='bbox 900 2019 993 2092; x_wconf 91' lang='lat' dir='ltr'>Urbe</span> <span class='ocrx_word' id='word_1_87' title='bbox 1023 2020 1163 2092; x_wconf 88' lang='lat' dir='ltr'>condita</span> <span class='ocrx_word' id='word_1_88' title='bbox 1194 2020 1302 2113; x_wconf 88' lang='lat' dir='ltr'>lapidi</span> <span class='ocrx_word' id='word_1_89' title='bbox 1334 2021 1544 2114; x_wconf 87' lang='lat' dir='ltr'>insculptum</span> 
     </span>
     <span class='ocr_line' id='line_1_14' title="bbox 427 2142 562 2240; baseline -0.015 -25"><span class='ocrx_word' id='word_1_90' title='bbox 427 2153 482 2215; x_wconf 87' lang='lat' dir='ltr'>est</span> <span class='ocrx_word' id='word_1_91' title='bbox 495 2142 562 2240; x_wconf 84' lang='lat'>(3).</span> 
     </span>
    </p>

    <p class='ocr_par' dir='ltr' id='par_1_6' title="bbox 426 2266 1548 2734">
     <span class='ocr_line' id='line_1_15' title="bbox 475 2266 1547 2366; baseline 0.003 -29"><span class='ocrx_word' id='word_1_92' title='bbox 475 2266 563 2341; x_wconf 87' lang='lat' dir='ltr'>Teos</span> <span class='ocrx_word' id='word_1_93' title='bbox 589 2267 652 2364; x_wconf 91' lang='lat' dir='ltr'>(Le</span> <span class='ocrx_word' id='word_1_94' title='bbox 676 2269 762 2366; x_wconf 85' lang='lat' dir='ltr'>Bas,</span> <span class='ocrx_word' id='word_1_95' title='bbox 791 2278 829 2338; x_wconf 88' lang='lat' dir='ltr'>n⁰</span> <span class='ocrx_word' id='word_1_96' title='bbox 858 2269 981 2366; x_wconf 78' lang='grc'>0558).</span> <span class='ocrx_word' id='word_1_97' title='bbox 1010 2268 1143 2364; x_wconf 87' lang='lat' dir='ltr'>Ephebi</span> <span class='ocrx_word' id='word_1_98' title='bbox 1165 2291 1330 2342; x_wconf 88' lang='lat' dir='ltr'>coronam</span> <span class='ocrx_word' id='word_1_99' title='bbox 1351 2271 1547 2342; x_wconf 87' lang='lat' dir='ltr'>decernunt</span> 
     </span>
     <span class='ocr_line' id='line_1_16' title="bbox 427 2393 1548 2488; baseline 0.004 -26"><span class='ocrx_word' id='word_1_100' title='bbox 427 2393 562 2463; x_wconf 80' lang='lat' dir='ltr'>tibicini</span> <span class='ocrx_word' id='word_1_101' title='bbox 581 2393 741 2483; x_wconf 90' lang='lat' dir='ltr'>Cratoni,</span> <span class='ocrx_word' id='word_1_102' title='bbox 760 2394 821 2488; x_wconf 90' lang='lat' dir='ltr'>qui</span> <span class='ocrx_word' id='word_1_103' title='bbox 843 2417 913 2486; x_wconf 80' lang='lat' dir='ltr'>quo</span> <span class='ocrx_word' id='word_1_104' title='bbox 935 2406 1094 2488; x_wconf 92' lang='lat' dir='ltr'>tempore</span> <span class='ocrx_word' id='word_1_105' title='bbox 1120 2394 1270 2482; x_wconf 84' lang='lat' dir='ltr'>vixerit,</span> <span class='ocrx_word' id='word_1_106' title='bbox 1300 2416 1346 2465; x_wconf 82' lang='lat' dir='ltr'>ex</span> <span class='ocrx_word' id='word_1_107' title='bbox 1366 2395 1445 2466; x_wconf 87' lang='lat' dir='ltr'>aliis</span> <span class='ocrx_word' id='word_1_108' title='bbox 1469 2395 1548 2466; x_wconf 91' lang='lat' dir='ltr'>titu-</span> 
     </span>
     <span class='ocr_line' id='line_1_17' title="bbox 428 2516 1547 2616; baseline 0.004 -29"><span class='ocrx_word' id='word_1_109' title='bbox 428 2517 470 2588; x_wconf 88' lang='lat' dir='ltr'>lis</span> <span class='ocrx_word' id='word_1_110' title='bbox 490 2519 689 2613; x_wconf 87' lang='lat' dir='ltr'>perspicere</span> <span class='ocrx_word' id='word_1_111' title='bbox 708 2521 809 2591; x_wconf 87' lang='lat' dir='ltr'>lacile</span> <span class='ocrx_word' id='word_1_112' title='bbox 829 2530 882 2590; x_wconf 88' lang='lat' dir='ltr'>est</span> <span class='ocrx_word' id='word_1_113' title='bbox 897 2516 966 2616; x_wconf 79' lang='lat' dir='ltr'>(l).</span> <span class='ocrx_word' id='word_1_114' title='bbox 987 2520 1148 2612; x_wconf 82' lang='lat' dir='ltr'>Pergami</span> <span class='ocrx_word' id='word_1_115' title='bbox 1165 2519 1259 2590; x_wconf 92' lang='lat' dir='ltr'>enim</span> <span class='ocrx_word' id='word_1_116' title='bbox 1277 2518 1448 2612; x_wconf 79' lang='lat' dir='ltr'>degebat,</span> <span class='ocrx_word' id='word_1_117' title='bbox 1468 2541 1547 2612; x_wconf 84' lang='lat' dir='ltr'>reg·</span> 
     </span>
     <span class='ocr_line' id='line_1_18' title="bbox 426 2643 1545 2734; baseline 0 -20"><span class='ocrx_word' id='word_1_118' title='bbox 426 2643 591 2714; x_wconf 87' lang='lat' dir='ltr'>nantibus</span> <span class='ocrx_word' id='word_1_119' title='bbox 613 2644 769 2716; x_wconf 84' lang='lat' dir='ltr'>Eumene</span> <span class='ocrx_word' id='word_1_120' title='bbox 794 2644 822 2714; x_wconf 99' lang='lat' dir='ltr'>ll</span> <span class='ocrx_word' id='word_1_121' title='bbox 848 2654 883 2715; x_wconf 90' lang='lat' dir='ltr'>et</span> <span class='ocrx_word' id='word_1_122' title='bbox 906 2644 1024 2716; x_wconf 87' lang='lat' dir='ltr'>Attalo</span> <span class='ocrx_word' id='word_1_123' title='bbox 1051 2644 1113 2734; x_wconf 89' lang='lat' dir='ltr'>lll;</span> <span class='ocrx_word' id='word_1_124' title='bbox 1145 2644 1301 2716; x_wconf 84' lang='lat' dir='ltr'>maximo</span> <span class='ocrx_word' id='word_1_125' title='bbox 1325 2655 1441 2715; x_wconf 90' lang='lat' dir='ltr'>autem</span> <span class='ocrx_word' id='word_1_126' title='bbox 1470 2666 1545 2714; x_wconf 91' lang='lat' dir='ltr'>om·</span> 
     </span>
    </p>
   </div>
   <div class='ocr_carea' id='block_1_2' title="bbox 425 2766 1547 3360">
    <p class='ocr_par' dir='ltr' id='par_1_7' title="bbox 425 2766 1547 3360">
     <span class='ocr_line' id='line_1_19' title="bbox 427 2766 1546 2862; baseline 0.002 -26"><span class='ocrx_word' id='word_1_127' title='bbox 427 2767 524 2837; x_wconf 90' lang='lat' dir='ltr'>nium</span> <span class='ocrx_word' id='word_1_128' title='bbox 554 2768 677 2840; x_wconf 84' lang='lat' dir='ltr'>lavore</span> <span class='ocrx_word' id='word_1_129' title='bbox 702 2768 921 2862; x_wconf 80' lang='lat' dir='ltr'>praeclaruit,</span> <span class='ocrx_word' id='word_1_130' title='bbox 950 2768 1041 2840; x_wconf 90' lang='lat' dir='ltr'>inter</span> <span class='ocrx_word' id='word_1_131' title='bbox 1068 2789 1179 2840; x_wconf 88' lang='lat' dir='ltr'>annos</span> <span class='ocrx_word' id='word_1_132' title='bbox 1211 2766 1281 2840; x_wconf 75' lang='grc'>772</span> <span class='ocrx_word' id='word_1_133' title='bbox 1307 2778 1342 2840; x_wconf 92' lang='lat' dir='ltr'>et</span> <span class='ocrx_word' id='word_1_134' title='bbox 1369 2766 1437 2837; x_wconf 84' lang='lat' dir='ltr'>l50</span> <span class='ocrx_word' id='word_1_135' title='bbox 1463 2778 1546 2839; x_wconf 90' lang='lat' dir='ltr'>ante</span> 
     </span>
     <span class='ocr_line' id='line_1_20' title="bbox 426 2889 1547 2987; baseline 0.004 -27"><span class='ocrx_word' id='word_1_136' title='bbox 426 2889 613 2963; x_wconf 89' lang='lat' dir='ltr'>Christum.</span> <span class='ocrx_word' id='word_1_137' title='bbox 628 2893 689 2965; x_wconf 83' lang='lat' dir='ltr'>llis</span> <span class='ocrx_word' id='word_1_138' title='bbox 700 2894 839 2965; x_wconf 88' lang='lat' dir='ltr'>circiter</span> <span class='ocrx_word' id='word_1_139' title='bbox 854 2893 956 2966; x_wconf 87' lang='lat' dir='ltr'>annis</span> <span class='ocrx_word' id='word_1_140' title='bbox 972 2893 1219 2965; x_wconf 91' lang='lat' dir='ltr'>attribuendus</span> <span class='ocrx_word' id='word_1_141' title='bbox 1236 2903 1289 2964; x_wconf 87' lang='lat' dir='ltr'>est</span> <span class='ocrx_word' id='word_1_142' title='bbox 1305 2892 1427 2964; x_wconf 88' lang='lat' dir='ltr'>titulus</span> <span class='ocrx_word' id='word_1_143' title='bbox 1442 2892 1547 2987; x_wconf 89' lang='lat' dir='ltr'>ephe·</span> 
     </span>
     <span class='ocr_line' id='line_1_21' title="bbox 426 3015 1546 3113; baseline 0 -26"><span class='ocrx_word' id='word_1_144' title='bbox 426 3015 526 3088; x_wconf 89' lang='lat' dir='ltr'>bicus</span> <span class='ocrx_word' id='word_1_145' title='bbox 539 3040 643 3111; x_wconf 90' lang='lat' dir='ltr'>quern</span> <span class='ocrx_word' id='word_1_146' title='bbox 657 3040 761 3113; x_wconf 90' lang='lat' dir='ltr'>supra</span> <span class='ocrx_word' id='word_1_147' title='bbox 779 3020 1068 3091; x_wconf 89' lang='lat' dir='ltr'>memoravimus.</span> <span class='ocrx_word' id='word_1_148' title='bbox 1087 3017 1193 3108; x_wconf 89' lang='lat' dir='ltr'>Quid,</span> <span class='ocrx_word' id='word_1_149' title='bbox 1211 3017 1308 3112; x_wconf 87' lang='lat' dir='ltr'>quod</span> <span class='ocrx_word' id='word_1_150' title='bbox 1323 3018 1411 3089; x_wconf 87' lang='lat' dir='ltr'>alter</span> <span class='ocrx_word' id='word_1_151' title='bbox 1424 3017 1546 3088; x_wconf 91' lang='lat' dir='ltr'>titulus</span> 
     </span>
     <span class='ocr_line' id='line_1_22' title="bbox 426 3141 1542 3237; baseline 0 -26"><span class='ocrx_word' id='word_1_152' title='bbox 426 3142 470 3212; x_wconf 87' lang='lat' dir='ltr'>ad</span> <span class='ocrx_word' id='word_1_153' title='bbox 491 3142 677 3237; x_wconf 86' lang='lat' dir='ltr'>ephebiam</span> <span class='ocrx_word' id='word_1_154' title='bbox 697 3153 884 3237; x_wconf 86' lang='lat' dir='ltr'>spectans,</span> <span class='ocrx_word' id='word_1_155' title='bbox 907 3153 1029 3216; x_wconf 89' lang='lat' dir='ltr'>notum</span> <span class='ocrx_word' id='word_1_156' title='bbox 1049 3143 1193 3215; x_wconf 86' lang='lat' dir='ltr'>aliunde</span> <span class='ocrx_word' id='word_1_157' title='bbox 1213 3143 1328 3213; x_wconf 89' lang='lat' dir='ltr'>virum</span> <span class='ocrx_word' id='word_1_158' title='bbox 1354 3141 1542 3234; x_wconf 79' lang='lat' dir='ltr'>designat,</span> 
     </span>
     <span class='ocr_line' id='line_1_23' title="bbox 425 3257 1545 3360; baseline -0.004 -20"><span class='ocrx_word' id='word_1_159' title='bbox 425 3265 523 3340; x_wconf 89' lang='lat' dir='ltr'>Pium</span> <span class='ocrx_word' id='word_1_160' title='bbox 548 3267 681 3339; x_wconf 89' lang='lat' dir='ltr'>scilicet</span> <span class='ocrx_word' id='word_1_161' title='bbox 696 3268 921 3358; x_wconf 89' lang='lat' dir='ltr'>Pisonioum,</span> <span class='ocrx_word' id='word_1_162' title='bbox 944 3270 1047 3360; x_wconf 90' lang='lat' dir='ltr'>cujus</span> <span class='ocrx_word' id='word_1_163' title='bbox 1067 3290 1196 3341; x_wconf 91' lang='lat' dir='ltr'>nomen</span> <span class='ocrx_word' id='word_1_164' title='bbox 1216 3286 1474 3360; x_wconf 88' lang='lat' dir='ltr'>nonnunquam</span> <span class='ocrx_word' id='word_1_165' title='bbox 1493 3257 1545 3336; x_wconf 78' lang='lat' dir='ltr'>la&#39;-</span> 
     </span>
    </p>
   </div>
   <div class='ocr_carea' id='block_1_3' title="bbox 425 3601 1547 4384">
    <p class='ocr_par' dir='ltr' id='par_1_8' title="bbox 428 3601 1544 3760">
     <span class='ocr_line' id='line_1_24' title="bbox 456 3601 1544 3670; baseline -0.004 -14"><span class='ocrx_word' id='word_1_166' title='bbox 456 3604 491 3670; x_wconf 86' lang='lat' dir='ltr'>(l)</span> <span class='ocrx_word' id='word_1_167' title='bbox 509 3603 578 3656; x_wconf 86' lang='lat' dir='ltr'>Vide</span> <span class='ocrx_word' id='word_1_168' title='bbox 591 3603 622 3656; x_wconf 76' lang='lat' dir='ltr'>n.</span> <span class='ocrx_word' id='word_1_169' title='bbox 635 3603 758 3668; x_wconf 84' lang='lat' dir='ltr'>Curtius,</span> <span class='ocrx_word' id='word_1_170' title='bbox 773 3605 889 3670; x_wconf 69' lang='lat' dir='ltr'>Beitrdpe</span> <span class='ocrx_word' id='word_1_171' title='bbox 902 3617 953 3655; x_wconf 75' lang='lat' dir='ltr'>sur</span> <span class='ocrx_word' id='word_1_172' title='bbox 968 3603 1110 3655; x_wconf 81' lang='lat' dir='ltr'>Gerrbicbte</span> <span class='ocrx_word' id='word_1_173' title='bbox 1121 3603 1176 3654; x_wconf 79' lang='lat' dir='ltr'>uod</span> <span class='ocrx_word' id='word_1_174' title='bbox 1191 3602 1364 3669; x_wconf 71' lang='lat' dir='ltr'>ropoprcptte</span> <span class='ocrx_word' id='word_1_175' title='bbox 1374 3601 1544 3661; x_wconf 78' lang='lat' dir='ltr'>Klaioeritor.</span> 
     </span>
     <span class='ocr_line' id='line_1_25' title="bbox 428 3693 791 3760; baseline -0.008 -12"><span class='ocrx_word' id='word_1_176' title='bbox 428 3693 497 3748; x_wconf 75' lang='lat'>1872.</span> <span class='ocrx_word' id='word_1_177' title='bbox 514 3693 614 3746; x_wconf 74' lang='lat' dir='ltr'>Tabula</span> <span class='ocrx_word' id='word_1_178' title='bbox 629 3693 694 3754; x_wconf 85' lang='lat' dir='ltr'>vll.</span> <span class='ocrx_word' id='word_1_179' title='bbox 710 3711 736 3760; x_wconf 92' lang='lat' dir='ltr'>p.</span> <span class='ocrx_word' id='word_1_180' title='bbox 751 3695 791 3746; x_wconf 86' lang='grc'>63.</span> 
     </span>
    </p>

    <p class='ocr_par' dir='ltr' id='par_1_9' title="bbox 425 3780 1546 4029">
     <span class='ocr_line' id='line_1_26' title="bbox 456 3780 1546 3850; baseline -0.004 -16"><span class='ocrx_word' id='word_1_181' title='bbox 456 3784 491 3848; x_wconf 73' lang='lat'>(2)</span> <span class='ocrx_word' id='word_1_182' title='bbox 507 3783 537 3834; x_wconf 84' lang='grc' dir='ltr'>Ε.</span> <span class='ocrx_word' id='word_1_183' title='bbox 553 3783 660 3836; x_wconf 85' lang='lat' dir='ltr'>Curtius</span> <span class='ocrx_word' id='word_1_184' title='bbox 673 3785 739 3850; x_wconf 90' lang='lat' dir='ltr'>(loc.</span> <span class='ocrx_word' id='word_1_185' title='bbox 755 3785 818 3850; x_wconf 88' lang='lat' dir='ltr'>cit.)</span> <span class='ocrx_word' id='word_1_186' title='bbox 840 3784 976 3835; x_wconf 84' lang='lat' dir='ltr'>existimat</span> <span class='ocrx_word' id='word_1_187' title='bbox 989 3784 1080 3834; x_wconf 89' lang='lat' dir='ltr'>vicum</span> <span class='ocrx_word' id='word_1_188' title='bbox 1095 3780 1282 3833; x_wconf 62' lang='lat' dir='ltr'>Ulissi-Rani</span> <span class='ocrx_word' id='word_1_189' title='bbox 1292 3781 1364 3832; x_wconf 87' lang='lat' dir='ltr'>haud</span> <span class='ocrx_word' id='word_1_190' title='bbox 1378 3782 1456 3847; x_wconf 77' lang='lat' dir='ltr'>longa</span> <span class='ocrx_word' id='word_1_191' title='bbox 1466 3795 1482 3830; x_wconf 84' lang='lat' dir='ltr'>a</span> <span class='ocrx_word' id='word_1_192' title='bbox 1493 3780 1546 3830; x_wconf 86' lang='lat' dir='ltr'>situ</span> 
     </span>
     <span class='ocr_line' id='line_1_27' title="bbox 426 3869 1546 3940; baseline -0.007 -12"><span class='ocrx_word' id='word_1_193' title='bbox 426 3874 520 3931; x_wconf 76' lang='lat' dir='ltr'>nruae,</span> <span class='ocrx_word' id='word_1_194' title='bbox 546 3879 639 3939; x_wconf 86' lang='lat' dir='ltr'>portus</span> <span class='ocrx_word' id='word_1_195' title='bbox 659 3876 762 3926; x_wconf 82' lang='lat' dir='ltr'>scilicet</span> <span class='ocrx_word' id='word_1_196' title='bbox 782 3874 1022 3940; x_wconf 82' lang='lat' dir='ltr'>Pergamenorum,</span> <span class='ocrx_word' id='word_1_197' title='bbox 1048 3871 1156 3923; x_wconf 85' lang='lat' dir='ltr'>distare.</span> <span class='ocrx_word' id='word_1_198' title='bbox 1182 3869 1269 3922; x_wconf 83' lang='lat' dir='ltr'>Simili</span> <span class='ocrx_word' id='word_1_199' title='bbox 1292 3871 1411 3928; x_wconf 84' lang='lat' dir='ltr'>ratione,</span> <span class='ocrx_word' id='word_1_200' title='bbox 1433 3872 1546 3922; x_wconf 87' lang='lat' dir='ltr'>alterum</span> 
     </span>
     <span class='ocr_line' id='line_1_28' title="bbox 425 3959 1483 4029; baseline -0.004 -15"><span class='ocrx_word' id='word_1_201' title='bbox 425 3965 534 4016; x_wconf 91' lang='lat' dir='ltr'>titulum</span> <span class='ocrx_word' id='word_1_202' title='bbox 548 3964 645 4016; x_wconf 89' lang='lat' dir='ltr'>ibidem</span> <span class='ocrx_word' id='word_1_203' title='bbox 660 3968 794 4029; x_wconf 86' lang='lat' dir='ltr'>repertum</span> <span class='ocrx_word' id='word_1_204' title='bbox 807 3962 890 4014; x_wconf 79' lang='lat' dir='ltr'>Elaiae</span> <span class='ocrx_word' id='word_1_205' title='bbox 904 3962 1074 4014; x_wconf 82' lang='lat' dir='ltr'>attribuimus</span> <span class='ocrx_word' id='word_1_206' title='bbox 1095 3961 1179 4026; x_wconf 86' lang='lat' dir='ltr'>(Vide</span> <span class='ocrx_word' id='word_1_207' title='bbox 1193 3960 1388 4025; x_wconf 80' lang='lat' dir='ltr'>Appendicem,</span> <span class='ocrx_word' id='word_1_208' title='bbox 1402 3967 1431 4008; x_wconf 84' lang='lat' dir='ltr'>n⁰</span> <span class='ocrx_word' id='word_1_209' title='bbox 1443 3959 1483 4023; x_wconf 72' lang='grc'>7).</span> 
     </span>
    </p>

    <p class='ocr_par' dir='ltr' id='par_1_10' title="bbox 426 4047 1547 4208">
     <span class='ocr_line' id='line_1_29' title="bbox 458 4047 1547 4119; baseline -0.005 -15"><span class='ocrx_word' id='word_1_210' title='bbox 458 4055 493 4119; x_wconf 87' lang='grc'>(3)</span> <span class='ocrx_word' id='word_1_211' title='bbox 509 4053 548 4105; x_wconf 87' lang='lat' dir='ltr'>Dc</span> <span class='ocrx_word' id='word_1_212' title='bbox 563 4058 640 4106; x_wconf 82' lang='lat' dir='ltr'>aetate</span> <span class='ocrx_word' id='word_1_213' title='bbox 656 4055 726 4105; x_wconf 90' lang='lat' dir='ltr'>tituli</span> <span class='ocrx_word' id='word_1_214' title='bbox 740 4054 801 4105; x_wconf 91' lang='lat' dir='ltr'>vide</span> <span class='ocrx_word' id='word_1_215' title='bbox 815 4066 874 4117; x_wconf 87' lang='lat' dir='ltr'>quae</span> <span class='ocrx_word' id='word_1_216' title='bbox 887 4054 1081 4114; x_wconf 86' lang='lat' dir='ltr'>commentatus</span> <span class='ocrx_word' id='word_1_217' title='bbox 1101 4052 1137 4101; x_wconf 84' lang='lat' dir='ltr'>sit</span> <span class='ocrx_word' id='word_1_218' title='bbox 1151 4049 1251 4116; x_wconf 79' lang='lat' dir='ltr'>Egger,</span> <span class='ocrx_word' id='word_1_219' title='bbox 1272 4049 1403 4100; x_wconf 76' lang='lat' dir='ltr'>lltmoirer</span> <span class='ocrx_word' id='word_1_220' title='bbox 1417 4047 1547 4100; x_wconf 79' lang='lat' dir='ltr'>d&#39;bistoirt</span> 
     </span>
     <span class='ocr_line' id='line_1_30' title="bbox 426 4138 1344 4208; baseline -0.008 -13"><span class='ocrx_word' id='word_1_221' title='bbox 426 4145 553 4196; x_wconf 76' lang='lat' dir='ltr'>ancienne</span> <span class='ocrx_word' id='word_1_222' title='bbox 567 4150 590 4194; x_wconf 84' lang='lat' dir='ltr'>ct</span> <span class='ocrx_word' id='word_1_223' title='bbox 603 4145 633 4196; x_wconf 76' lang='lat' dir='ltr'>dr</span> <span class='ocrx_word' id='word_1_224' title='bbox 646 4143 797 4208; x_wconf 66' lang='lat' dir='ltr'>philologia,</span> <span class='ocrx_word' id='word_1_225' title='bbox 814 4157 840 4207; x_wconf 92' lang='lat' dir='ltr'>p.</span> <span class='ocrx_word' id='word_1_226' title='bbox 854 4141 897 4203; x_wconf 82' lang='lat'>86,</span> <span class='ocrx_word' id='word_1_227' title='bbox 914 4143 966 4192; x_wconf 85' lang='lat' dir='ltr'>Sur</span> <span class='ocrx_word' id='word_1_228' title='bbox 981 4153 1031 4190; x_wconf 78' lang='lat' dir='ltr'>urie</span> <span class='ocrx_word' id='word_1_229' title='bbox 1045 4138 1202 4204; x_wconf 80' lang='lat' dir='ltr'>inscription</span> <span class='ocrx_word' id='word_1_230' title='bbox 1217 4140 1247 4189; x_wconf 84' lang='lat' dir='ltr'>dc</span> <span class='ocrx_word' id='word_1_231' title='bbox 1261 4139 1344 4202; x_wconf 71' lang='lat' dir='ltr'>Cyme.</span> 
     </span>
    </p>

    <p class='ocr_par' dir='ltr' id='par_1_11' title="bbox 426 4223 1547 4384">
     <span class='ocr_line' id='line_1_31' title="bbox 456 4223 1547 4298; baseline -0.005 -16"><span class='ocrx_word' id='word_1_232' title='bbox 456 4233 492 4298; x_wconf 85' lang='lat' dir='ltr'>(l)</span> <span class='ocrx_word' id='word_1_233' title='bbox 509 4231 577 4284; x_wconf 89' lang='lat' dir='ltr'>Vide</span> <span class='ocrx_word' id='word_1_234' title='bbox 593 4235 690 4298; x_wconf 76' lang='lat' dir='ltr'>Corpus</span> <span class='ocrx_word' id='word_1_235' title='bbox 704 4233 782 4283; x_wconf 78' lang='lat' dir='ltr'>incer.</span> <span class='ocrx_word' id='word_1_236' title='bbox 797 4245 880 4296; x_wconf 79' lang='lat' dir='ltr'>pree,</span> <span class='ocrx_word' id='word_1_237' title='bbox 897 4237 935 4280; x_wconf 84' lang='lat' dir='ltr'>n⁰¹</span> <span class='ocrx_word' id='word_1_238' title='bbox 950 4229 1026 4289; x_wconf 85' lang='grc'>3067,</span> <span class='ocrx_word' id='word_1_239' title='bbox 1042 4227 1115 4279; x_wconf 84' lang='grc'>3071.</span> <span class='ocrx_word' id='word_1_240' title='bbox 1136 4227 1171 4278; x_wconf 87' lang='lat' dir='ltr'>Le</span> <span class='ocrx_word' id='word_1_241' title='bbox 1184 4227 1254 4291; x_wconf 83' lang='lat' dir='ltr'>Bas,</span> <span class='ocrx_word' id='word_1_242' title='bbox 1269 4235 1298 4277; x_wconf 86' lang='lat' dir='ltr'>n⁰</span> <span class='ocrx_word' id='word_1_243' title='bbox 1312 4226 1366 4276; x_wconf 71' lang='lat'>255.</span> <span class='ocrx_word' id='word_1_244' title='bbox 1384 4223 1424 4275; x_wconf 83' lang='lat' dir='ltr'>Ol.</span> <span class='ocrx_word' id='word_1_245' title='bbox 1441 4237 1501 4290; x_wconf 73' lang='lat' dir='ltr'>quae</span> <span class='ocrx_word' id='word_1_246' title='bbox 1513 4223 1547 4276; x_wconf 87' lang='lat' dir='ltr'>de</span> 
     </span>
     <span class='ocr_line' id='line_1_32' title="bbox 426 4315 1545 4384; baseline -0.009 -12"><span class='ocrx_word' id='word_1_247' title='bbox 426 4319 538 4372; x_wconf 74' lang='lat' dir='ltr'>cratone</span> <span class='ocrx_word' id='word_1_248' title='bbox 551 4321 676 4375; x_wconf 86' lang='lat' dir='ltr'>disseruit</span> <span class='ocrx_word' id='word_1_249' title='bbox 691 4320 721 4372; x_wconf 91' lang='lat' dir='ltr'>P.</span> <span class='ocrx_word' id='word_1_250' title='bbox 738 4319 863 4380; x_wconf 79' lang='lat' dir='ltr'>Foueart,</span> <span class='ocrx_word' id='word_1_251' title='bbox 878 4321 914 4373; x_wconf 83' lang='lat' dir='ltr'>De</span> <span class='ocrx_word' id='word_1_252' title='bbox 927 4317 1041 4384; x_wconf 66' lang='lat' dir='ltr'>courcite</span> <span class='ocrx_word' id='word_1_253' title='bbox 1051 4316 1208 4370; x_wconf 79' lang='lat' dir='ltr'>scenicorum</span> <span class='ocrx_word' id='word_1_254' title='bbox 1218 4316 1345 4382; x_wconf 71' lang='lat' dir='ltr'>artificum</span> <span class='ocrx_word' id='word_1_255' title='bbox 1356 4315 1426 4379; x_wconf 85' lang='lat' dir='ltr'>opud</span> <span class='ocrx_word' id='word_1_256' title='bbox 1439 4315 1545 4374; x_wconf 74' lang='lat' dir='ltr'>Grecos,</span> 
     </span>
    </p>
   </div>
   <div class='ocr_carea' id='block_1_4' title="bbox 426 4408 569 4474">
    <p class='ocr_par' dir='ltr' id='par_1_12' title="bbox 426 4408 569 4474">
     <span class='ocr_line' id='line_1_33' title="bbox 426 4408 569 4474; baseline 0 -16"><span class='ocrx_word' id='word_1_257' title='bbox 426 4423 454 4472; x_wconf 92' lang='lat' dir='ltr'>p.</span> <span class='ocrx_word' id='word_1_258' title='bbox 471 4408 501 4460; x_wconf 75' lang='grc'>76</span> <span class='ocrx_word' id='word_1_259' title='bbox 515 4422 569 4474; x_wconf 88' lang='lat' dir='ltr'>seq.</span> 
     </span>
    </p>
   </div>
   <div class='ocr_carea' id='block_1_5' title="bbox 0 0 1750 5399">
    <p class='ocr_par' dir='ltr' id='par_1_13' title="bbox 0 0 1750 5399">
     <span class='ocr_line' id='line_1_34' title="bbox 0 0 1750 5399; baseline 0 0"><span class='ocrx_word' id='word_1_260' title='bbox 0 0 1750 5399; x_wconf 95' lang='lat' dir='ltr'> </span> 
     </span>
    </p>
   </div>
  </div>
 </body>
</html>
