3492 5404
696 551 856 614 ..27-

217 689 310 784 legio
335 711 481 778 recens,
504 689 596 762 inter
622 689 719 762 cives
745 699 932 784 receptus,
958 689 995 760 in
1018 690 1153 762 tabulas
1172 691 1333 785 publicas

217 815 487 888 inscribebatur.
510 813 626 899 Quum
648 825 735 887 aetas
753 813 868 886 ciuilis
888 815 923 886 in
941 835 1082 909 quaque
1101 815 1245 888 civitate
1265 839 1336 890 non

216 941 338 1014 eadem
363 961 503 1034 semper
527 939 723 1028 exstiterit,
746 939 830 1029 sed,
850 940 1045 1012 secuudum
1068 940 1184 1012 varias
1205 942 1339 1037 publici

211 1066 303 1159 juris
321 1066 438 1154 vices,
455 1065 555 1138 varin
576 1073 611 1136 et
631 1066 707 1159 ipsa
727 1065 897 1154 evaserit,
913 1064 1107 1137 verisimile
1126 1075 1180 1138 est
1194 1076 1335 1140 aetalem

216 1191 421 1286 ephebicam
441 1191 516 1286 pari
541 1191 680 1263 lortuna
705 1211 784 1262 esse
816 1199 998 1262 mutatam.
1026 1191 1076 1262 lle
1102 1213 1173 1285 quc
1199 1193 1337 1264 nullum

216 1317 262 1389 ad
280 1337 344 1389 nos
360 1314 600 1388 testimonium
621 1315 802 1410 pervenit,
823 1314 890 1386 nisi
908 1314 1114 1408 attingimus
1129 1337 1210 1410 quae
1228 1316 1338 1413 scrip·

216 1441 262 1516 sit
284 1433 452 1515 Herodoti
475 1435 681 1542 scholiastes
709 1437 780 1537 (l).
807 1440 916 1514 Sexto
940 1440 1033 1512 enim
1060 1441 1198 1515 decimo
1220 1463 1337 1532 anno,

216 1569 408 1664 Spartanus
429 1566 596 1660 juvenis,
622 1567 653 1638 si
679 1565 762 1637 huic
780 1565 1011 1656 assentimur,
1034 1566 1195 1662 ephebus
1215 1565 1335 1640 fiebat.

216 1691 348 1764 Titulos
383 1691 592 1785 indaganti,
628 1712 720 1762 unus
754 1684 889 1762 tantum
923 1691 1075 1764 occurrit
1102 1691 1164 1785 qui
1194 1701 1336 1764 aetatem

217 1815 423 1912 ephebicam
450 1816 637 1908 designare
667 1814 832 1887 videatur
859 1813 935 1912 (2);
962 1837 1028 1887 nec
1047 1815 1210 1911 displicet
1231 1817 1337 1890 nobis

218 1941 422 2014 existimare
435 1942 471 2012 in
487 1941 589 2013 titulo
609 1940 754 2014 metrico
771 1939 958 2034 ephebiam
982 1941 1192 2026 naturalem,
1214 1942 1334 2037 potius

217 2087 323 2160 quam
349 2065 509 2156 civilem,
534 2063 766 2159 significatam
786 2085 877 2137 esse.
902 2065 1153 2138 Verumtamen
1172 2065 1203 2138 si
1222 2076 1337 2138 atten-

218 2191 336 2264 dimus
350 2193 522 2284 juvenem
541 2192 685 2264 atticum
706 2190 999 2283 duodevigesimo
1015 2211 1109 2261 anno
1122 2190 1214 2262 inter
1227 2190 1336 2285 ephe·

218 2317 283 2388 bos
302 2316 547 2403 annumerari,
573 2315 767 2388 verisimile
786 2315 855 2386 erit
873 2314 1033 2388 eamdem
1054 2314 1181 2402 luisse,
1203 2315 1240 2385 in
1267 2317 1337 2409 ple·

218 2440 338 2534 risque
348 2440 565 2530 civitatibus,
580 2440 767 2534 collegium
786 2439 995 2532 ephebicum
1013 2440 1159 2511 ineundi
1178 2449 1334 2513 aelalem.

266 2565 335 2638 Sed
350 2573 390 2636 ut
405 2565 665 2638 adolescentem
684 2565 776 2636 inter
794 2564 951 2659 ephebos
965 2564 1091 2636 civitas
1106 2564 1335 2653 adscisceret,

218 2711 287 2762 nou
306 2689 529 2763 solummodo
548 2689 593 2760 ad
612 2698 745 2761 certam
768 2698 908 2761 aetatem
937 2709 1017 2760 eum
1047 2689 1251 2782 pervenisse
1270 2710 1336 2762 ne·

217 2835 316 2886 cesse
334 2824 422 2886 erat.
453 2812 670 2907 Antequam
691 2834 819 2886 nomen
843 2814 920 2905 ejus
948 2813 984 2883 in
1012 2813 1148 2885 tabulas
1173 2814 1336 2908 publicas

218 2935 469 3008 inscriberetur
485 2934 556 3032 (3),
577 2932 746 3034 δοκιμασία
764 2937 926 3031 quaedam
939 2937 1110 3029 juvenem
1126 2937 1238 3010 veluti
1255 2960 1335 3034 pro-

216 3209 456 3274 Schweighaeuser,
470 3222 498 3272 p.
514 3205 585 3271 357).
600 3204 724 3256 Alterum
736 3207 825 3256 summ
839 3205 978 3256 nominum
991 3205 1113 3256 ordinem
1130 3207 1308 3271 comperimus
1321 3221 1337 3258 e

216 3300 276 3352 loco
289 3297 403 3364 quodam
417 3296 603 3362 Aristophanis
616 3293 757 3359 Byzantii:
770 3314 782 3338 a
793 3297 886 3354 Παῖς...
900 3297 913 3346 ὁ
926 3296 967 3346 διὰ
977 3301 1027 3346 τῶν
1043 3295 1174 3360 ἐγκυκλίων
1189 3298 1336 3361 μαθημάτων

217 3389 349 3454 δυνάμενος
363 3389 442 3438 ἱέναι·
459 3387 503 3447 τὴν
516 3386 543 3436 δὲ
555 3385 673 3451 ἐχομένην
683 3385 774 3444 ταύτης
785 3385 881 3444 ἠλικίαν
896 3388 919 3435 ol
936 3385 978 3449 μὲν
990 3385 1117 3441 πάλλααα,
1131 3387 1154 3435 ol
1165 3386 1192 3436 δὲ
1207 3388 1335 3451 βαυπέδα·

217 3482 240 3531 αί
251 3479 278 3530 δὲ
289 3477 408 3530 &calcada
421 3476 453 3540 (l.
468 3475 591 3541 βούπαιδα
603 3477 629 3523 et
641 3473 802 3536 ἀντίπαιδα),
813 3475 836 3523 ol
850 3473 876 3524 δὲ
892 3475 1040 3538 μελλέφηὸον
1051 3475 1183 3533 καλοῦσιν,
1203 3476 1226 3524 ol
1236 3475 1263 3525 δὲ
1275 3475 1338 3539 μετὰ

217 3574 296 3622 ταῦτα
307 3568 394 3632 laudor
407 3565 440 3629 (l.
454 3562 567 3630 ίμηῦον).
589 3561 631 3614 Ἕν
645 3563 672 3613 δὲ
684 3563 780 3630 Κυρήνη
791 3563 847 3621 τοὺς
861 3563 963 3626 &oddone
977 3563 1109 3630 τριαάπανς
1119 3566 1236 3614 καλοῦσιν
1247 3602 1252 3619 ,
1273 3565 1298 3614 ἐν
1310 3565 1337 3623 bl

216 3660 299 3726 Κρήτῃ
312 3656 476 3723 ἀποὸρόμονς.
489 3672 502 3697 u
516 3651 612 3714 Miller,
627 3650 753 3715 lldlonoes
767 3652 797 3700 dc
812 3649 953 3701 litteratura
964 3664 1082 3714 ursoque.
1098 3667 1124 3716 p.
1139 3651 1195 3702 429.

189 3809 193 3811 ,
247 3746 282 3811 (l)
298 3743 427 3811 Ἔφηὸεύει
440 3745 467 3795 δὲ
480 3742 624 3809 παράὐταῖς
635 3745 694 3800 παῖς
706 3741 755 3792 ἀπὸ
768 3741 830 3791 ἰτῶν
845 3741 875 3791 ιδ’
886 3742 957 3805 μέχρι
969 3742 1012 3791 καί
1024 3747 1047 3790 x'
1059 3759 1071 3785 u
1084 3739 1186 3792 Glossae
1199 3738 1335 3802 Herodoti,

217 3835 258 3888 ed.
274 3834 511 3900 Schweigbaeussr,
527 3846 553 3896 p.
569 3830 624 3880 357.

249 3924 284 3990 (2)
298 3923 404 3974 Titulus
417 3933 581 3985 smyrnaeus.
598 3919 673 3983 corp.
687 3918 766 3969 lusca.
778 3929 866 3980 oron..
882 3923 912 3966 n⁰
925 3916 995 3968 3326.

341 4032 355 4060 ι
372 4013 428 4080 ἄρτι
441 4013 487 4078 γὰρ
499 4011 619 4076 ίνμίχίον
634 4009 675 4060 lul
685 4008 806 4073 γνμνάδος
821 4007 895 4070 ἁγνὸν
911 4008 1000 4072 tribou

403 4107 488 4167 σχῆμα
501 4098 584 4166 λαχὼν
598 4099 688 4163 ἐρατὰν
703 4097 798 4148 ὤλεσαν
812 4094 907 4146 ἁλικίαν
970 4155 972 4160 Ι

374 4189 430 4255 ἄρτι
443 4187 570 4255 δ’ὰριθμὸν
585 4188 647 4238 ἐτῶν
663 4187 687 4242 ἐξ
699 4186 741 4234 καί
754 4184 814 4234 δέκα
826 4182 928 4248 τερπνὸς
941 4183 1080 4248 desider...
1093 4202 1105 4226 a

247 4276 283 4342 (3)
299 4275 366 4339 Qum
380 4277 491 4338 merint,
504 4277 533 4326 in
546 4273 651 4333 Attica,
666 4268 850 4336 hujuscemodi
864 4270 976 4328 tabulae,
991 4271 1070 4335 plane
1081 4275 1174 4323 notum
1187 4274 1236 4321 est.
1252 4269 1337 4322 Attici

217 4365 289 4420 enim
300 4367 412 4430 juvenes
424 4366 452 4415 in
465 4368 518 4415 bes
532 4363 635 4414 tabulas
649 4361 862 4412 inscribebantur
869 4365 877 4416 ;‘
891 4373 1003 4422 quarum
1017 4374 1070 4411 una
1084 4361 1111 4412 in
1123 4360 1266 4423 Prytanaec
1278 4371 1336 4410 ser·

220 4458 345 4514 cubatum
360 4455 412 4506 alia
425 4454 606 4520 (declamanda
622 4458 672 4504 τῶν
691 4450 799 4516 toldus)
819 4463 835 4500 a
855 4453 972 4502 cosmeta
989 4450 1058 4515 apud
1079 4449 1218 4511 Senatum,
1243 4449 1337 4500 exacto
