3492 5404
682 538 724 553 -
744 505 779 568 ol
804 539 842 552 -

203 641 300 714 bium
320 641 461 713 videtur
477 641 521 712 ad
542 641 728 735 ephebiam
745 642 873 736 etipsa
895 642 1084 736 pertinere.
1103 643 1235 739 Nempe
1255 667 1317 746 ve·

203 768 349 840 risimile
368 779 422 839 est
441 767 599 861 ephebos
626 767 831 863 byzantios,
857 790 929 862 qno
950 779 1108 862 tempore
1133 769 1318 863 ecollegio

203 891 435 980 excederent,
464 891 586 965 solitos
612 893 720 964 luisse
751 893 900 986 vestigia
925 915 989 964 sua
1020 895 1121 988 quasi
1153 899 1317 968 marmori

202 1017 372 1111 impressa
403 1017 628 1111 relinquere3
657 1018 721 1089 sed
749 1019 794 1090 de
822 1019 887 1089 hac
921 1019 1210 1114 interpretatione
1231 1021 1318 1092 nihil

201 1142 332 1214 certius
351 1143 477 1214 afferre
498 1144 672 1215 valemus.

249 1267 428 1360 Denique,
453 1279 491 1338 ut
510 1266 615 1363 hujus
632 1269 756 1362 capitis
776 1269 992 1363 propositum
1012 1290 1314 1360 consummemus,

202 1392 367 1464 videmus
387 1393 579 1486 aliquando
596 1392 754 1487 ephebos
773 1414 901 1465 nomen
922 1415 1045 1480 suum,
1065 1396 1203 1488 adjecto
1219 1395 1319 1468 titulo

201 1536 414 1604 exornasse,
445 1526 480 1587 et
500 1527 622 1588 mutuo
647 1517 713 1586 sibi
739 1516 863 1588 laudes
883 1516 1079 1610 singulares
1099 1518 1315 1589 decrevisse.

197 1641 332 1736 Spartae
347 1641 456 1729 enim,
469 1641 627 1736 ephebus
640 1663 660 1713 a
674 1641 855 1714 sodalibus
870 1643 945 1714 suis
960 1643 1061 1735 quasi
1072 1642 1161 1714 alter
1171 1643 1318 1714 Hermes

198 1763 278 1863 (νέος
297 1761 448 1862 Ἑρμείας)
463 1763 518 1862 (l)
535 1767 763 1860 praedioatur;
783 1789 886 1838 nemo
901 1770 1018 1838 autem
1034 1769 1163 1860 estqui
1181 1768 1320 1860 ignoret

197 1891 357 1985 ephebos
373 1913 512 1986 semper
532 1893 698 1986 peculiari
727 1903 762 1964 et
788 1869 916 1984 insigni
943 1893 1133 1965 devotione
1151 1893 1316 1965 Hermem

200 2015 344 2087 lovisse.
371 2015 440 2109 lpsi
464 2024 581 2088 antem
602 2015 818 2111 synephebi,
849 2017 883 2086 in
911 2017 1036 2089 eodem
1064 2017 1203 2111 lapide,
1241 2017 1318 2109 glo-

198 2140 335 2211 riantur
348 2161 427 2212 esse
446 2165 464 2208 tr
480 2136 590 2221 παῖδες
603 2143 762 2228 ἀνίκατοι,
779 2144 931 2237 σθεναροί,
951 2144 1090 2237 κρατεροὶ
1107 2137 1278 2236 συνέφηὸοι.
1296 2168 1314 2209 >>

196 2264 231 2334 Si
262 2263 345 2335 talia
364 2265 556 2350 vocabula,
583 2285 603 2336 a
627 2265 820 2356 juvenibus
842 2265 993 2355 jactata,
1024 2265 1130 2358 paulo
1152 2263 1317 2337 ambitio·

196 2388 289 2460 siora
310 2389 493 2478 videntur,
524 2411 571 2461 ex
599 2390 667 2460 illis
694 2389 797 2483 plane
826 2388 1055 2482 intelligimus
1082 2408 1188 2481 quam
1215 2387 1316 2458 firma

197 2513 373 2584 exstiterit
388 2513 526 2606 collegii
546 2512 727 2585 sodalitas.
747 2513 880 2606 Nempe
895 2535 1004 2605 quum
1021 2513 1207 2607 disciplina
1224 2534 1317 2584 com·

197 2637 315 2722 muni,
350 2649 422 2708 rum
443 2638 703 2709 rartaaooninus
724 2638 854 2708 mutuis
879 2647 914 2709 er
938 2637 1090 2708 amicitia
1110 2617 1160 2708 aa
1178 2637 1316 2709 nomes

197 2781 322 2833 sensus
337 2770 372 2833 et
378 2763 574 2852 juvenilem
590 2763 791 2856 superbiam
803 2763 961 2849 excitati,
981 2761 1109 2856 ephebi
1123 2761 1225 2854 quasi
1243 2782 1313 2832 uno

197 2887 394 2980 eodemque
410 2888 534 2981 spirito
552 2887 774 2959 afssahantur.
789 2886 994 2958 Aretissima
1016 2886 1107 2957 inter
1126 2907 1188 2957 eos
1206 2885 1317 2956 fiebat

196 3013 415 3102 communio,
445 3014 494 3084 ita
513 3023 569 3103 ut,
591 3013 889 3106 quemadmodum
910 3012 945 3082 in
965 3011 1080 3084 atticis
1102 3009 1315 3105 anaglyphis
1377 2992 1380 2998 ⁵

196 3137 411 3230 quandoque
437 3136 587 3232 populus
614 3137 830 3208 atheniensis
852 3136 955 3207 unios
977 3157 1137 3230 personae
1164 3135 1313 3228 figuram

198 3271 344 3357 usurpat
362 3259 429 3357 (2),
458 3272 494 3334 et
512 3264 589 3356 ipsa
607 3261 763 3356 Ephebia
784 3281 1036 3353 nonnunquam
1055 3261 1101 3330 ah
1119 3259 1315 3332 artificibus

197 3407 386 3481 expressa,
418 3408 578 3481 personae
598 3388 744 3459 sormam
772 3397 807 3457 et
831 3385 982 3476 effigiem
1009 3386 1174 3456 induerit.
1210 3383 1312 3468 Quod

196 3521 342 3607 apparet
360 3532 405 3584 ex
426 3513 554 3605 insigni
574 3513 674 3584 titulo
689 3511 782 3605 apud
799 3511 974 3605 Ephesum
992 3511 1141 3595 effosso,
1165 3509 1225 3580 uhi
1245 3531 1316 3581 me·

197 3645 353 3708 moratur
377 3636 494 3707 virum
515 3637 561 3706 ab
579 3635 739 3730 Ephesiis
757 3637 848 3707 hene
868 3635 1052 3723 meritum,
1074 3635 1310 3730 Salutarium,

196 3771 397 3852 argenteam
420 3760 587 3854 Ephebiae
606 3769 757 3832 statuam
777 3761 910 3832 civitati
932 3760 1122 3833 donavisse
1140 3758 1208 3856 (3).

227 4041 262 4106 (l)
279 4039 316 4090 Le
329 4039 382 4091 Bas
394 4044 420 4090 et
434 4039 561 4100 Fouoart,
582 4048 612 4090 ῐιο
626 4039 678 4090 lot.

227 4129 262 4195 (l)
281 4128 490 4190 vissitatione,
504 4130 661 4180 Grieoltiscbo
672 4127 776 4194 Belleia,
791 4136 822 4178 n⁰
834 4128 873 4179 75.

229 4218 263 4284 (3)
276 4217 374 4277 Wood,
388 4220 541 4270 Dtsooaeries
552 4225 578 4271 ot
589 4218 710 4285 Ephesus.
720 4218 891 4284 inscriptions
900 4218 966 4284 from
977 4218 1016 4269 the
1028 4220 1103 4270 Greot
1117 4218 1226 4278 Theatra,
1237 4231 1263 4281 p.
1279 4216 1314 4277 to,

196 4309 247 4360 ool.
264 4307 327 4370 3,1.
343 4307 382 4359 33.

228 4417 242 4448 u
259 4433 288 4452 ...
301 4401 345 4451 καὶ
358 4401 419 4464 ἄλλη
434 4398 506 4452 εἰκὼν
520 4401 628 4466 &proptor
640 4405 682 4462 τῆς
697 4397 852 4465 Ἔφηὸείας...
863 4413 877 4444 u
