3492 5404
655 519 810 584 -ca-
930 497 931 502 '

172 671 290 734 autem
311 670 427 754 partes
444 660 627 732 victoriam
646 668 880 769 reportaturae
896 662 1193 754 praenuntiantur,
1210 679 1295 757 qua·

174 809 251 858 rum
272 808 333 859 sus
352 785 555 881 praevaluit.
577 784 746 878 Sequenti
768 784 845 874 die,
866 784 941 856 ludi
962 785 1145 880 incipiunt.

378 1045 391 1102 5
406 1045 430 1092 a.
445 1067 474 1078 -
488 1041 520 1092 lle
534 1039 682 1106 gymnasticis
695 1041 719 1090 et
732 1038 872 1090 militaribus
886 1037 1094 1090 exercitationibus.

226 1258 404 1332 Ludorum
427 1258 464 1329 in
483 1258 582 1330 lestis
599 1257 788 1351 participes
811 1256 968 1351 ephebos
992 1257 1194 1345 exstitisse,
1227 1279 1297 1329 una

175 1406 254 1457 cum
276 1384 363 1456 viris
382 1394 418 1454 et
437 1384 556 1478 pueris
575 1377 734 1478 (παῖδες,
757 1380 923 1478 mlestus),
943 1382 1092 1475 catalogi
1114 1382 1298 1476 agonistici

177 1509 433 1612 demonstrant.
469 1508 587 1593 Quare
614 1507 709 1578 haud
739 1527 759 1578 a
787 1506 966 1600 proposito
999 1489 1118 1580 nostro
1145 1507 1298 1580 alienum

177 1636 244 1706 erit
263 1637 372 1726 festa,
394 1643 541 1728 quae'ex
566 1633 675 1705 titulis
694 1642 779 1704 nota
798 1642 900 1718 sunt,
922 1653 1130 1705 memorare.

225 1759 395 1854 Cyzicena
415 1759 517 1831 titulo
537 1767 792 1830 enumerantur
810 1758 961 1849 juvenes
983 1756 1170 1851 ephebiam
1191 1779 1301 1852 agen-

178 1894 231 1957 tes
246 1883 293 1979 (4)
309 1906 418 1979 quum
433 1883 508 1955 ludi
522 1883 639 1956 vocati
657 1877 828 1980 Ἀδριάνεια
849 1878 1008 1977 Ὀλύμπια
1022 1882 1297 1956 celebrarentur.

226 2010 407 2104 Lampsaci
440 2009 670 2101 designantur
695 2009 825 2104 Μεγάλαι
853 2017 970 2102 Τυχεῖα
996 2005 1065 2104 (2).
1101 2008 1153 2078 llii
1182 2020 1300 2081 nutem

177 2138 240 2204 Νέα
253 2139 448 2210 novaturum
457 2132 528 2228 (3);
541 2131 796 2226 Philadelphiae
806 2132 879 2203 ludi
896 2131 1087 2204 Artemidis
1101 2132 1298 2206 Analtidis:

177 2259 308 2354 Μεγᾶλα
326 2255 465 2328 Labicos&
489 2255 673 2328 Ἀναείττεια
693 2254 765 2350 (4);
787 2255 982 2345 Acmonide,
1006 2256 1080 2327 ludi
1100 2257 1302 2351 quinquen·

179 2381 277 2452 noles
300 2381 335 2452 in
356 2381 526 2454 bonorem
545 2382 645 2454 luliae
662 2381 806 2453 Severae
826 2390 862 2454 et
881 2381 924 2451 L.
943 2379 1104 2454 Seruanii
1122 2380 1310 2476 Capitonis

179 2506 374 2600 agebantur
397 2505 464 2603 (5).

228 2632 304 2705 Non
323 2632 402 2704 aliis
420 2653 507 2704 saue
522 2632 835 2707 exercitationibus
856 2632 891 2704 in
914 2633 1007 2704 ludis
1025 2644 1130 2727 atque
1150 2634 1185 2704 in
1203 2655 1303 2729 gym-

181 2757 281 2828 nasio
309 2757 493 2850 indulgent
512 2757 652 2852 ephebi.
683 2758 871 2853 Gymnasio
893 2769 1014 2832 autem
1036 2760 1192 2832 omnium
1213 2759 1303 2831 civi·

183 2892 291 2954 tatum
312 2904 382 2955 non
399 2883 582 2976 novimus3
604 2905 753 2977 quorum
771 2905 853 2976 quae
871 2885 1014 2956 nomina
1032 2884 1076 2956 ad
1096 2904 1160 2957 nos
1177 2905 1303 2978 perve-

180 3008 299 3082 nerint
323 3008 497 3082 dicemus.

230 3135 382 3226 Megarae
427 3134 652 3230 gymnasium
695 3135 800 3206 situm
838 3158 949 3231 prope
993 3135 1159 3231 templum
1205 3134 1304 3210 lovis

185 3258 338 3356 Olympii
370 3259 554 3331 dicebatur
573 3260 795 3355 Olympieion
822 3257 1071 3358 (Ὀλυμπιεῖον)
1096 3260 1169 3356 (6);
1203 3263 1304 3354 cujus

181 3405 310 3456 nomen
331 3385 483 3478 primum
506 3386 614 3457 fuisse
632 3386 798 3482 γυμνάσιον
818 3389 855 3455 τὸ
871 3381 954 3456 socc&
969 3389 1006 3456 τὸ
1026 3383 1243 3482 Ὀλυμπιεῖον,
1263 3409 1305 3458 ac

181 3518 302 3602 postea
330 3509 366 3579 in
396 3508 540 3583 brevius
569 3520 785 3582 contractum
814 3511 934 3605 procul
964 3533 984 3582 a
1015 3511 1124 3585 dubio
1144 3511 1301 3584 videtur.

182 3632 376 3708 Pausanias
412 3636 555 3730 quidem
590 3635 737 3708 alterum
770 3647 941 3710 memorat
973 3637 1168 3728 vetustius,
1205 3637 1303 3732 quod

213 3906 248 3973 (1)
269 3908 367 3976 Corpus
379 3910 459 3961 lusor.
474 3920 557 3974 proc„
573 3918 603 3960 n⁰
617 3905 688 3962 3665.
701 3905 740 3961 cf.
755 3905 830 3969 3675,
843 3906 913 3962 3676.
930 3903 998 3961 Vide
1009 3904 1170 3975 Marquardt,
1186 3906 1304 3976 corbos,

183 4011 210 4064 p.
227 3997 281 4052 143.

216 4087 249 4153 (4)
269 4090 366 4154 Corpus
379 4089 459 4141 lusor.
474 4085 562 4154 precs,
577 4097 607 4140 n⁸
620 4088 692 4142 3644.

215 4177 249 4242 (3)
269 4180 365 4244 Corpus
377 4180 457 4230 iocor.
469 4193 551 4243 praec,
565 4188 594 4229 n⁰
606 4179 678 4230 acto.

213 4266 249 4332 (4)
267 4269 363 4333 Corpus
375 4269 455 4320 iocor.
470 4282 553 4341 prce„
566 4256 596 4318 u'o
608 4267 680 4319 titt.
699 4269 734 4320 Le
746 4265 798 4320 Bas
809 4273 835 4321 et
848 4265 1030 4336 Waddington
1038 4309 1045 4336 ,
1061 4281 1091 4324 u⁰
1105 4269 1160 4324 655.

216 4353 251 4419 (5)
267 4355 304 4406 Le
316 4355 369 4406 Bas
383 4360 411 4407 et
421 4356 617 4422 Waddington,
633 4362 700 4423 part.
714 4355 748 4417 ll,
764 4367 794 4410 n⁰
806 4358 861 4409 754.

217 4442 250 4511 (6)
269 4444 304 4496 Le
316 4443 405 4498 Boset
417 4445 544 4508 unumst,
558 4455 587 4497 n⁰
604 4445 634 4497 34
645 4460 670 4499 e.
