3492 5404
698 499 857 564 ..63-

214 638 353 712 ratione
384 646 542 728 constat,
582 636 677 710 idem
710 637 940 731 comprobant
972 636 1062 708 tituli
1093 638 1332 733 epigraphici3

216 786 367 858 quorum
388 764 589 838 testimonio
607 764 703 853 freti,
733 763 901 856 indagare
928 763 1088 837 valemus
1106 786 1194 858 quas
1218 776 1336 860 perles

216 889 344 985 ephebi
364 889 528 962 iusseris
549 889 671 984 patriis
692 889 885 961 tenuerint.

264 1015 366 1112 Ssepe
384 1015 509 1088 civitas
529 1015 670 1088 insolita
689 1035 786 1086 sacra
809 1012 884 1086 fieri
903 1015 1022 1107 jubet,
1054 1025 1093 1086 ut
1115 1015 1193 1086 irati
1212 1017 1334 1109 cujus-

216 1142 298 1214 dam
318 1141 374 1213 dei
395 1141 559 1215 voluntas
579 1141 749 1236 placetur.
771 1141 839 1229 lta,
862 1141 898 1211 in
920 1140 1019 1214 titulo
1039 1163 1252 1236 pergameno
1269 1141 1333 1237 (l),

217 1251 431 1339 memoratur
460 1266 564 1359 longa
591 1265 875 1338 caerimoniarum
905 1265 1014 1338 series
1047 1287 1135 1359 quas
1164 1267 1336 1338 celebrari

211 1391 318 1484 jussit
359 1391 538 1464 oraculum
576 1390 750 1485 Apollinis
786 1391 951 1486 Grynaei,
999 1401 1037 1462 ut
1080 1391 1188 1486 pestis
1229 1414 1337 1464 urens

215 1517 416 1605 civitatem,
444 1514 658 1589 liburnio
684 1517 863 1611 principe,
895 1518 1057 1611 precibus
1089 1527 1334 1609 averteretur3

216 1663 316 1716 sacra
343 1651 459 1715 autem
488 1643 524 1714 in
559 1642 730 1716 honorem
761 1643 951 1739 AEseulapii
982 1641 1057 1726 heri
1089 1665 1234 1716 necesse
1256 1645 1334 1717 init.

217 1768 311 1840 luter
323 1789 447 1841 omnes
462 1767 522 1861 qui
541 1767 687 1840 theoriae
703 1770 891 1856 intersunt,
904 1769 1085 1864 conspicui
1099 1780 1181 1842 sunt
1193 1771 1334 1867 ephebi,

217 1914 343 1967 omnes
361 1901 443 1965 ante
463 1903 603 1983 euntes,
629 1893 874 1990 chlamydibus
893 1895 1067 1988 insignes,
1087 1905 1123 1966 et
1141 1896 1337 1968 secundnm

219 2030 371 2114 quatuor
388 2019 532 2091 ordines
549 2019 732 2110 instructi,
750 2042 900 2114 quornm
919 2021 1046 2114 cuique
1065 2031 1192 2115 praeest
1210 2045 1339 2094 unnse

220 2144 482 2239 magistratibus
501 2145 563 2239 qui
580 2149 727 2242 ἡγεμόνες
746 2146 923 2218 dicuutur.
951 2146 1120 2218 Ordinnm
1147 2148 1336 2240 unusquis-

219 2292 289 2366 que
315 2292 456 2342 carmen
482 2272 661 2365 proprium
691 2271 726 2342 in
757 2271 926 2343 honorem
959 2271 1105 2343 deorum
1139 2272 1336 2365 patriorum

219 2416 346 2468 canere
358 2397 480 2488 jussus
501 2405 572 2484 est;
598 2396 731 2491 primus
751 2396 884 2468 scilicet
902 2397 1025 2468 lovem
1046 2407 1226 2490 precatur,
1246 2397 1335 2469 alter

218 2519 405 2609 Bacchum,
421 2521 545 2592 tertius
560 2521 754 2592 Minervam
771 2521 1041 2614 Tritogeneiam,
1060 2521 1203 2616 ultimus
1219 2531 1337 2593 autem

219 2645 477 2740 AEsculapium3
510 2654 651 2740 postea,
685 2646 855 2719 Minervae
879 2667 1004 2734 ovem,
1033 2647 1231 2740 ceterisque
1262 2646 1339 2720 deis

221 2780 358 2842 murum
390 2771 530 2842 trimum
565 2782 719 2842 mactent
747 2772 997 2866 praescribitur.
1035 2771 1141 2841 Primi
1176 2791 1337 2865 pompam

220 2896 354 2967 ducunt
373 2895 520 2990 ephebi,
542 2917 634 2990 pone
651 2896 811 2990 sequitur
828 2918 953 2988 agmen
975 2897 1284 2989 Pergamenorum.

268 3019 339 3092 Nec
366 3021 476 3113 magis
505 3021 635 3093 absunt
665 3021 794 3115 ephebi
824 3042 844 3091 a
874 3021 1072 3093 lectioribus
1104 3022 1336 3111 caerimoniis,

220 3167 328 3239 quum
348 3145 473 3217 civitas
499 3146 543 3216 ad
574 3146 826 3217 blandiendum
854 3148 931 3218 viro
957 3147 1014 3217 vel
1043 3148 1184 3219 feminae
1211 3147 1339 3222 illustri

220 3271 352 3360 effusa,
373 3270 530 3346 insuetos
550 3271 703 3344 honores
723 3253 893 3344 decernit.
912 3271 1083 3344 Novimus
1100 3294 1121 3343 e
1139 3272 1240 3345 titulo
1257 3294 1340 3367 quo·

220 3395 300 3467 dam
315 3396 480 3490 cyziceno
488 3393 545 3492 (2)
555 3397 735 3468 decretum
746 3399 947 3490 quoregina
959 3395 1114 3470 Antonia
1126 3396 1336 3492 Tryphaena,

219 3520 336 3616 Cotyis
356 3542 464 3610 uxor,
486 3531 521 3592 et
540 3521 644 3594 simul
667 3531 736 3593 tres
756 3522 832 3614 ejus
850 3519 934 3611 tilii,
957 3543 1060 3614 reges
1079 3521 1335 3611 Rhemetalces,

219 3644 378 3735 Polemo,
409 3655 444 3717 et
462 3644 583 3742 Cotys,
614 3646 868 3718 excedentibus
895 3669 981 3718 sane
1008 3646 1150 3718 modum
1175 3645 1338 3718 laudibus

220 3781 450 3844 exornantur.
481 3771 525 3842 Ut
553 3771 702 3866 primum
722 3755 759 3842 'in
780 3772 961 3844 civitatem
989 3773 1147 3864 ingressa
1169 3772 1254 3860 erit,
1281 3793 1338 3844 sa·

252 4055 286 4119 (l)
304 4056 399 4120 corpus
412 4057 490 4107 inser.
507 4068 592 4119 pren,
607 4063 637 4104 n⁰
648 4054 720 4106 3538.

230 4144 285 4209 ,(ἳ)
301 4144 507 4195 llonotsbericltte
520 4145 565 4194 der
583 4141 607 4194 h.
621 4156 717 4208 prenso.
738 4142 820 4194 ahud.
838 4143 884 4192 der
902 4141 1113 4208 wissenschaften
1125 4155 1159 4192 zn
1172 4142 1270 4193 Berlin.
1290 4140 1339 4194 Ja-

220 4232 371 4284 nuar18'll.
392 4235 511 4299 Δεδόχθαι
529 4235 649 4299 τῷδήμῳ
665 4233 800 4298 ἐπῃνῆσθαι
820 4233 877 4290 τοὺς
896 4231 1010 4297 βασιλέας
1023 4220 1191 4296 ῥοιμητάλκην
1205 4234 1248 4284 καὶ
1261 4234 1341 4283 Πολέ-

222 4341 291 4388 μωνα
304 4324 347 4374 καὶ
359 4323 438 4373 Κότυν
452 4324 494 4374 καὶ
504 4325 547 4384 τὴν
565 4324 657 4388 μητέρα
669 4322 750 4372 αὐτῶν
761 4323 930 4387 Τρύφαιναν...
946 4322 1046 4385 ἀγαγεῖν
1059 4323 1085 4372 δὲ
1098 4323 1138 4372 ἐπὶ
1149 4323 1192 4382 τὴν
1204 4322 1339 4381 ὑπάντησιν

220 4415 263 4464 καὶ
276 4413 319 4464 τὸν
334 4413 470 4480 ἐφήὸαρχον
483 4412 538 4471 τοὺς
552 4413 653 4476 syndone
666 4412 708 4463 noi
724 4411 766 4463 τὸν
781 4411 930 4476 παιδονόμον
946 4411 1002 4468 τοὺς
1015 4411 1150 4480 ἐλευθέρους
1162 4409 1282 4472 παῖδας...
