3492 5404
662 478 821 548 ..su-.-

477 626 666 699 καταπαλτιΐ

477 748 617 818 ἀκόντιον

477 868 566 952 τόξον

478 998 662 1092 ὀτλομαχία

476 1123 664 1218 θυροομαχία

232 1311 354 1384 Artem
373 1314 568 1407 catapultas
588 1285 799 1408 tcrquendi,
826 1335 906 1408 quae
931 1315 1084 1409 primum
1105 1315 1220 1387 locum
1241 1316 1306 1388 ob·
1420 1367 1421 1370 ,

187 1439 293 1526 tinet,
312 1438 426 1509 serius
442 1448 599 1527 tantum,
618 1437 812 1511 Alexandri
829 1449 1007 1532 tempore,
1027 1440 1154 1535 ephebi
1173 1440 1306 1511 didice-

187 1571 287 1651 runt,
317 1583 426 1655 quum
451 1562 557 1634 urbes
583 1563 813 1656 expugnandi
839 1564 995 1636 rationes
1023 1586 1130 1658 quam
1152 1563 1306 1636 maxime

186 1685 298 1757 Graeci
314 1696 563 1760 exercuerunt.
584 1687 834 1758 Mittendarum
853 1688 1059 1780 sagittarum
1079 1699 1190 1759 artem
1210 1688 1305 1759 haud

188 1829 291 1880 secus
308 1829 349 1879 ac
369 1809 517 1903 pilorum
536 1811 813 1900 joculationem,
835 1811 901 1882 etsi
923 1811 1038 1881 minus
1056 1811 1151 1906 apud
1168 1811 1308 1882 Graecos

191 1933 354 2004 usitatam
381 1934 490 2006 luisse
512 1936 747 2028 comperimus
767 1932 822 2030 (l)
845 1936 988 2007 minime
1007 1947 1122 2007 tamen
1141 1936 1310 2028 neglexe-

190 2067 273 2128 runt
288 2057 429 2152 ephebi.
449 2059 583 2130 Sestius
603 2060 697 2131 enim
721 2059 842 2130 titulus
867 2082 973 2154 supra
991 2060 1118 2130 citatus
1139 2069 1310 2132 memorat

189 2185 281 2262 θέσεις
298 2184 556 2279 ἀκοντισμοῦκαὶ
571 2181 690 2264 celeiae
707 2206 785 2256 esse
800 2184 978 2274 decretas3
998 2194 1033 2255 et
1055 2184 1090 2253 in
1111 2183 1198 2255 urbe
1217 2183 1307 2274 Teo,

191 2306 483 2403 gymnasiarchus
502 2309 649 2401 jubetur
675 2319 749 2400 ter,
770 2331 833 2403 per
859 2332 968 2379 unum
1001 2331 1176 2398 mensem,
1203 2308 1312 2402 ephe·

190 2432 255 2503 bos
273 2432 419 2526 sagittas
438 2433 626 2504 mittendas
648 2433 776 2506 docere
794 2431 864 2530 (2).
886 2432 1026 2504 Cartare
1046 2434 1080 2503 in
1102 2433 1224 2521 armis,
1246 2455 1311 2505 nec

192 2557 320 2652 pugnis
339 2569 487 2647 tantum,
509 2559 573 2630 sed
592 2558 711 2651 gladio
730 2569 765 2631 et
783 2569 883 2630 scuto
902 2559 1146 2632 adversarium
1166 2580 1308 2651 urgere,

191 2683 334 2755 tacticas
354 2705 411 2755 res
426 2683 576 2774 discere,
598 2694 634 2755 et
652 2685 777 2758 solitos
795 2685 830 2754 in
851 2684 974 2778 praelio
993 2693 1109 2756 motus
1127 2684 1309 2772 simulare,

192 2829 265 2880 uno
286 2809 420 2904 verbo,
442 2811 624 2904 ὁπλομαχίᾳ
641 2809 803 2900 scilicet,
825 2807 1055 2902 significatur.
1080 2808 1311 2903 Hoplomachi

192 2948 310 3030 partes
340 2934 376 3005 in
405 2934 555 3029 ephebia
583 2946 769 3029 spartana,
795 2956 904 3028 quum
931 2934 1187 3006 Lacedaemonii
1217 2933 1312 3006 hunc

193 3060 397 3152 magistrum
419 3060 455 3130 in
473 3059 659 3152 collegium
685 3060 872 3131 admittere
901 3070 1128 3148 recusarent,
1145 3080 1311 3155 gymnas·

195 3194 246 3257 tes
264 3185 471 3280 occupabat.
492 3182 548 3282 (3)
566 3187 762 3282 Θυρεομαχία
777 3208 856 3257 cum
879 3185 1037 3278 longiore
1055 3195 1155 3256 scuto
1174 3195 1209 3256 et
1228 3185 1311 3256 bre·

193 3310 294 3384 viere
308 3311 426 3403 gladio
436 3311 681 3383 exercebatur.
693 3309 842 3404 Quoquo
852 3331 986 3398 mense,
998 3309 1120 3403 positis
1135 3310 1308 3406 praemiis,

193 3599 288 3660 τοξικῆς
300 3635 307 3656 ,
328 3597 372 3650 καὶ
389 3595 625 3663 κατοποιλτοοισίας
638 3597 690 3664 τρὶς
702 3601 746 3648 τοῦ
762 3603 869 3662 μῆνος.»
892 3596 989 3661 corpu
1001 3595 1080 3646 ι’τιοοτ.
1095 3607 1181 3658 uruca,
1196 3602 1226 3643 n⁰
1239 3592 1313 3644 2360.

194 3683 256 3738 Non
266 3689 313 3738 abs
327 3701 357 3738 re
367 3689 418 3738 erit
428 3686 640 3738 animadvertere
658 3684 762 3750 Spartae
775 3687 878 3736 nullum
890 3686 979 3737 locum
993 3686 1092 3735 factum
1105 3696 1164 3735 esse
1176 3684 1315 3747 hoploma-

195 3776 263 3826 ehioe
275 3775 523 3832 exercitationibus:
536 3788 632 3839 nempe
643 3772 784 3838 indignum
794 3773 888 3825 luisset
899 3773 1022 3824 bellicam
1033 3777 1117 3822 artem
1130 3771 1316 3842 umpratilibus

195 3864 307 3924 studiis,
329 3878 383 3916 non
403 3878 433 3916 re
452 3864 523 3929 ipsa,
539 3863 652 3915 discere.
673 3861 743 3914 Vide
756 3882 762 3912 ε
774 3862 863 3924 Plato,
880 3863 988 3923 anltes,
1006 3860 1058 3914 182
1081 3859 1112 3913 Ε.
1127 3859 1313 3924 Euthydemus,

195 3955 282 4006 initio.
1199 3974 1200 3977 =

228 4043 263 4109 (l)
277 4046 398 4108 ἀκόντιον,
413 4045 558 4110 ἀκόντισμα.
576 4039 775 4105 videliacus,
791 4043 841 4094 luc.
855 4041 913 4101 cit„
929 4045 947 4092 t.
963 4039 988 4102 Ι,
1001 4056 1027 4107 p.
1042 4040 1096 4092 465.

227 4134 263 4200 (κ)
279 4136 375 4200 cmpos
388 4135 469 4186 lucer.
486 4148 570 4199 pree..
584 4142 613 4184 n⁰
627 4133 698 4184 2360.

227 4223 262 4289 (3)
281 4226 493 4291 «Λακεδαιμόνιοι
510 4226 590 4276 δὲκαὶ
603 4226 721 4286 τακτικὴν
734 4223 861 4275 stottona
872 4224 915 4274 καὶ
932 4221 1019 4282 αὐτοὺς
1031 4223 1087 4280 τοὺς
1099 4219 1240 4290 γυμναστὰς
1253 4220 1316 4272 εἶδέ-

196 4331 246 4378 ναι,
258 4317 359 4381 μελέτην
368 4321 417 4368 τῶν
431 4319 572 4380 πολεμικῶν
585 4315 641 4372 τοὺς
653 4314 749 4379 ἀγῶνοις
758 4315 919 4378 ἡγουμένοι.»
932 4312 1116 4371 Philostratus
1129 4311 1191 4377 Περὶ
1203 4327 1315 4375 γυμνασ-

196 4411 278 4470 τικῆς,
292 4403 334 4472 19,
347 4420 374 4472 p.
386 4404 433 4468 32,
447 4405 490 4457 ed.
502 4402 665 4469 Darenberg.

1138 4492 1156 4556 5
