3492 5404
873 533 1034 600 ..30-

391 673 456 743 bos
470 647 655 766 populares
671 670 823 744 adscribi
840 671 1090 765 permiserunt,
1108 682 1168 741 aut
1184 671 1308 745 saltem
1324 677 1522 748 commodaw

390 798 552 891 quasdam
586 819 695 890 quum
726 795 872 891 ephebis
896 796 992 882 suis,
1027 805 1098 866 tum
1129 796 1274 886 vicinis,
1305 802 1506 874 communia

391 924 505 993 iecere
523 921 594 1018 (l).
627 923 697 1009 lta,
729 921 965 993 Prienaeornm
990 919 1184 1009 beneficio,
1212 923 1313 1016 copia
1340 925 1429 996 lacta
1455 936 1509 996 est

391 1048 537 1141 ephebis
551 1048 690 1117 urbium
704 1047 899 1118 vicinarum
914 1045 1030 1116 oleum
1043 1045 1077 1115 in
1093 1047 1278 1140 gymnasio
1290 1051 1504 1143 accipiendi3

390 1171 486 1264 quod
502 1175 620 1265 quanti
640 1171 740 1266 pretii
756 1171 967 1243 aestimatum
983 1169 1106 1258 luerit,
1123 1169 1318 1264 saepissime
1332 1195 1378 1244 ex
1394 1174 1502 1246 titulis

391 1296 588 1391 comperire
607 1297 689 1370 licet
708 1293 778 1392 (a).
1563 1273 1574 1286 ⁵

757 1533 770 1590 ἓ
784 1533 808 1580 2.
823 1555 854 1568 -·
866 1517 899 1581 lie
912 1488 1016 1594 tempore
1029 1527 1145 1594 ephebis.

438 1723 534 1793 Hanc
556 1719 809 1815 quaestionem,
829 1720 925 1813 quod
950 1719 995 1791 ad
1021 1740 1144 1792 omnes
1171 1721 1334 1792 civitates
1358 1724 1505 1813 attinet,

389 1846 575 1918 exsolvere
593 1844 690 1915 haud
709 1843 754 1915 ita
776 1844 877 1915 facile
896 1853 969 1933 est;
991 1843 1037 1915 de
1055 1865 1146 1938 qno,
1166 1855 1203 1915 ut
1223 1846 1325 1918 nobis
1346 1847 1506 1937 uidetur,

348 2011 352 2016 ·
389 1971 518 2042 certius
545 1971 782 2058 disseremuS,
814 1969 844 2040 si
871 1968 1022 2062 primum
1050 1970 1300 2062 aggrediamur
1327 1971 1505 2065 inquirere

342 2169 347 2178 ,
388 2118 456 2191 qua
481 2105 585 2168 aetate
611 2116 631 2167 e
654 2093 803 2186 collegio
832 2093 959 2187 ephebi
993 2093 1146 2166 exirent.
1183 2095 1378 2189 Perspectis
1407 2097 1501 2168 enim

389 2221 546 2293 terminis
565 2221 694 2313 quibus
714 2218 888 2290 inclusum
910 2219 1015 2289 luerit
1042 2218 1203 2314 ephebiae
1232 2229 1394 2315 tempus,
1429 2232 1502 2292 tum

387 2346 529 2417 demum
557 2345 601 2416 de
620 2345 697 2439 ipso
717 2343 884 2438 temporis
909 2353 1031 2416 tenore
1056 2343 1270 2416 videbimus.
1302 2345 1502 2418 Verisimile

377 2482 441 2542 est
458 2469 633 2562 vigesimo
648 2489 741 2540 anuo
753 2469 905 2561 juvenes
922 2489 968 2540 ex
984 2468 1134 2562 ephebia
1149 2469 1280 2542 exiisse
1295 2466 1373 2565 (3);
1396 2471 1500 2544 talem

388 2595 481 2667 enim
499 2593 534 2663 in
550 2591 663 2664 Attica
678 2615 810 2665 morem
828 2594 1000 2686 usquead
1016 2591 1121 2664 linem
1136 2594 1372 2668 macedonicae
1388 2597 1502 2669 aetatis

388 2719 545 2810 viguisse
564 2715 781 2787 Athenarum
800 2717 891 2788 tiluli
911 2717 1173 2807 demonstrant3
1194 2728 1348 2790 attamen
1364 2721 1499 2814 perlus-

388 2842 560 2912 trantibus
590 2843 692 2914 nobis
718 2841 896 2935 catalogos
925 2841 1112 2928 militares,
1151 2842 1186 2913 in
1215 2844 1344 2936 quibus
1370 2846 1496 2939 ephebi

387 2977 560 3038 exeuntes
580 2967 881 3057 inscribebantur,
916 2967 1045 3038 certius
1067 2977 1313 3060 argumentum
1334 2970 1500 3040 occurrit.

387 3090 554 3162 Militares
572 3091 666 3163 enim
686 3091 775 3163 tituli
795 3112 919 3164 revera
945 3100 1027 3162 suut
1052 3091 1269 3183 epheborum
1295 3095 1501 3164 exeuntium

387 3217 556 3310 catalogi,
576 3239 684 3309 quum
698 3217 871 3308 juvenes,
889 3217 952 3288 vix
969 3239 989 3288 e
1006 3216 1156 3310 collegio
1177 3229 1349 3306 recentes,
1370 3219 1503 3291 militiae

387 3341 585 3413 tirocinium
606 3350 850 3432 capesserent,
869 3351 904 3412 et
921 3341 1012 3413 inter
1029 3343 1147 3413 varios
1163 3343 1341 3414 exercitos
1358 3343 1502 3415 ordines

386 3465 681 3536 adscriberentur.
698 3465 791 3549 Quas
808 3487 853 3538 ex
871 3466 913 3536 iis
931 3465 1092 3539 notiones
1109 3467 1276 3560 colligere
1292 3467 1407 3554 liceat,
1424 3469 1498 3561 jam

387 3589 553 3682 deinceps
573 3587 788 3681 investigare
807 3570 1068 3682 prosequimur.

435 3713 472 3782 ln
493 3713 586 3785 urbe·
597 3712 749 3784 Thouria
770 3710 840 3806 (l),
854 3713 1008 3805 juvenes
1023 3713 1166 3807 quidam
1185 3714 1230 3786 ab
1247 3714 1394 3810 ephebis
1414 3736 1500 3788 sane

385 3837 592 3928 dissimiles,
610 3839 770 3934 τριτίρενες
792 3837 957 3910 uidelicet
977 3839 1141 3930 nomine,
1162 3840 1198 3910 in
1220 3839 1387 3933 peculiari
1405 3850 1503 3912 cata·

417 4066 452 4131 (l)
468 4086 480 4112 α
532 4067 588 4125 τοὺς
601 4066 765 4130 ἐφηὸευκότας
780 4071 829 4118 τῶν
842 4066 975 4134 παροίκων.
988 4084 1000 4111 n
1017 4067 1114 4132 Corpus
1128 4067 1208 4118 iasar.
1221 4080 1306 4130 praa,
1320 4076 1350 4118 n⁰
1362 4067 1434 4120 2906.

415 4156 449 4220 (2)
466 4152 536 4204 Vide
550 4154 585 4204 Le
598 4153 651 4205 Bas
664 4160 691 4206 et
701 4153 829 4214 Vouoart,
844 4163 874 4204 n⁰
894 4154 961 4206 1602.
975 4153 1016 4206 ct.
1032 4163 1070 4205 n0·
1086 4154 1138 4217 120,
1156 4155 1209 4207 lul.
1352 4159 1355 4164 '

417 4245 449 4309 (3)
468 4243 497 4293 Id
509 4244 581 4294 enim
594 4245 692 4294 inferre
704 4246 764 4294 licet
778 4258 812 4294 ex
826 4244 962 4294 nonnullis
976 4245 1136 4309 scriptorum
1149 4245 1225 4296 locis.
1239 4242 1308 4295 Vide
1326 4243 1426 4296 Stobaei
1444 4245 1504 4297 Vio-

382 4332 518 4397 rt'lept'um,
533 4335 586 4385 vol.
601 4333 628 4390 3,
644 4349 670 4399 p.
683 4332 747 4383 297:
763 4351 777 4379 u
787 4334 811 4390 lt
826 4333 920 4397 ἐφήὸων
936 4333 1004 4396 ἐστί,
1016 4334 1059 4384 καὶ
1070 4335 1117 4394 ἤδη
1132 4333 1225 4385 εἴκοσιν
1237 4336 1333 4386 ἐτῶν.»

417 4420 451 4488 (i)
468 4422 505 4474 Le
518 4422 570 4478 Bas
584 4428 611 4475 et
622 4421 751 4494 Foucart,
765 4431 796 4472 n⁰
810 4421 865 4483 302.
