3492 5404
908 435 1066 498 ..20-

425 573 687 650 JuliaeSeverae
712 586 746 648 et
772 575 808 645 L.
835 575 994 646 Servenii
1014 574 1190 666 Capitonis
1220 575 1281 668 qui
1307 575 1451 648 nomine
1479 597 1548 646 suo

427 703 554 777 multos
588 700 768 772 Acmoniae
808 722 990 787 nummos,
1028 699 1168 770 Tiberio
1205 700 1388 793 principe,
1428 700 1548 792 signa·

427 849 512 902 vere
535 825 604 923 (1).
629 827 744 911 Quare
770 826 906 899 titulum
936 834 1096 896 nostrum
1125 825 1240 919 primo
1267 835 1348 920 post
1372 825 1547 896 Christum

426 953 557 1024 saeculo
576 953 768 1023 attribuere
784 952 880 1022 licet.

475 1077 627 1150 Colossae
645 1074 708 1171 (Le
727 1077 792 1148 Bas
811 1087 846 1148 et
865 1076 1126 1168 Waddinglon‚
1151 1087 1188 1145 n⁰
1211 1076 1303 1145 1693
1322 1075 1392 1171 h).

475 1201 601 1297 Cibyra
616 1199 679 1298 (Le
694 1201 759 1272 Bas
777 1213 811 1273 et
825 1202 1065 1294 Waddington
1077 1257 1085 1291 ,
1110 1212 1147 1272 n⁰
1169 1200 1293 1299 1213).
1316 1204 1463 1273 AEtatem
1486 1225 1547 1274 no·

427 1327 545 1400 vimus
560 1350 580 1400 e
595 1327 875 1422 gymnasiarchia
891 1327 1059 1419 Philagri,
1077 1350 1158 1419 quae
1173 1328 1295 1420 incipit
1309 1349 1402 1399 anno
1418 1327 1488 1400 826
1503 1303 1548 1398 ab

428 1454 516 1525 urbe
540 1449 767 1547 condita·(73
794 1464 873 1546 post
896 1451 1100 1548 Christum).
1128 1453 1311 1544 Philagrus
1336 1467 1452 1526 autem
1467 1453 1544 1548 jam

429 1578 653 1652 undecimum
671 1600 801 1648 annum
820 1577 1124 1673 gymnasiarcham
1144 1578 1298 1667 obtinet;
1322 1601 1405 1672 ergo
1427 1579 1548 1650 titulus

427 1723 558 1776 annum
578 1702 648 1773 837
666 1704 724 1774 ab.
747 1702 789 1774 U.
812 1703 870 1790 C.,
889 1704 967 1775 sive
986 1700 1032 1772 sl
1053 1716 1132 1798 post
1153 1703 1329 1777 Christum
1347 1705 1544 1776 denuntiat.

482 1825 542 1896 ll⁰
559 1825 693 1898 Ceterae
713 1827 889 1919 regiones.

475 1953 621 2049 Berytos
641 1951 701 2049 (1).
724 1953 859 2024 Titulus
886 1953 920 2023 in
941 1953 1058 2048 lapide
1080 1954 1194 2046 pictus
1214 1955 1420 2047 magistrum
1438 1953 1547 2049 ephe·

411 2078 551 2152 'borum
570 2073 795 2172 (παιδεύσαντα
815 2075 956 2175 spadone)
974 2091 1226 2151 commemorat
1245 2077 1314 2176 (2).
1337 2151 1340 2154 .

475 2202 605 2300 Byblos
623 2200 678 2297 (B.
700 2203 820 2275 Renan
843 2229 851 2272 :
874 2206 1010 2275 Mission
1029 2205 1066 2274 de
1086 2206 1257 2295 Phenict'e,
1286 2226 1322 2296 p.
1354 2201 1452 2305 181).
1475 2203 1546 2294 Ma·

427 2329 536 2423 gister
553 2328 769 2422 epheborum
789 2329 1008 2422 designatur.

475 2453 622 2549 Cyrene.
644 2454 807 2549 Ephebos
832 2456 1011 2526 exstitisse
1034 2457 1269 2550 comperimus
1294 2476 1314 2526 e
1340 2454 1540 2526 testimonio

426 2577 671 2674 Aristophanis
699 2580 879 2675 Byzantii,
912 2581 973 2673 qui
1002 2601 1131 2652 nomen
1158 2581 1337 2674 quoddam
1368 2579 1546 2675 peculiare

426 2705 573 2799 ephebis
593 2705 799 2780 attributum
820 2706 1007 2799 consignat
1030 2732 1038 2776 ε
1061 2708 1224 2801 spinalense
1244 2707 1337 2778 enim
1361 2727 1421 2778 eos
1442 2727 1545 2777 voca·

426 2830 512 2902 hant
531 2829 599 2926 (3)

474 2954 558 3028 Gela
574 2953 735 3053 (Sicilia).
758 2957 848 3029 Vide
870 2957 1011 3029 titulum
1035 2980 1056 3029 a
1078 2957 1210 3029 Bceckb
1235 2957 1370 3028 editum
1394 2982 1401 3027 :
1425 2959 1547 3050 corpus

425 3081 521 3152 inser.
542 3105 658 3174 yroec„
686 3081 857 3154 1105475.
885 3085 1018 3156 Editori
1045 3085 1191 3156 formam
1222 3083 1416 3154 litterarum
1435 3083 1545 3176 inspi-

426 3206 552 3298 cienti,
575 3208 673 3280 visus
693 3220 747 3280 est
766 3210 887 3282 titulus
907 3183 990 3282 ante
1009 3209 1246 3305 olympiadem
1272 3208 1341 3281 tus
1362 3219 1542 3280 exaratus.

357 3335 358 3338 ’
474 3332 659 3406 Soluntum
684 3331 847 3430 (Sicilia).
869 3335 1032 3430 Ephebos
1057 3347 1228 3406 memorat
1256 3335 1376 3405 titulus
1400 3335 1544 3430 quidam

459 3561 492 3625 (1)
508 3559 616 3618 Bclrhel‚
629 3576 671 3627 op.
687 3563 768 3622 laud„
784 3566 803 3612 t.
818 3563 869 3622 111,
883 3579 909 3628 p.
929 3564 981 3614 128.

458 3651 492 3715 (1)
509 3649 540 3701 G.
555 3650 661 3712 Perrot,
678 3652 849 3718 Inscriptions
863 3653 948 3704 d'Ast'e
962 3653 1078 3704 minente
1093 3655 1156 3704 etde
1170 3656 1252 3718 Syrie,
1268 3663 1298 3704 n⁰
1310 3653 1334 3706 9.
1349 3654 1430 3705 necue
1444 3655 1547 3706 ercheo·

359 3757 361 3760 ·
426 3741 537 3806 maique,
558 3739 626 3803 1877,
641 3743 753 3806 janvier.

455 3826 490 3892 (3)
506 3825 574 3878 Vide
588 3827 686 3888 Miller,
705 3829 830 3893 Belenum
846 3829 1031 3882 deliberatore
1050 3845 1163 3895 ursaque,
1184 3831 1333 3896 Frupments
1347 3825 1547 3898 d'Aristopheoc

425 3915 457 3968 de
471 3917 594 3982 Burnum,
611 3934 637 3983 p.
654 3918 708 3968 t‘ts.
1284 3949 1288 3958 .
1529 3985 1531 3989 .

458 4029 470 4054 u
485 4008 527 4060 Ἐν
540 4010 566 4060 δὲ
580 4011 677 4076 Κυρήνῃ
690 4010 745 4067 τοὺς
759 4009 860 4074 ἐφήὸους
875 4011 1007 4076 τρικάπους
1021 4015 1145 4064 καλοῦσιν.
1159 4031 1170 4055 u
1182 4012 1261 4077 Apud
1272 4013 1439 4064 Bustuthium
1451 4012 1546 4076 legitur

425 4099 572 4165 τριακάπους
588 4097 630 4162 (ad
645 4098 767 4159 Iliadem,
783 4113 808 4163 p.
826 4096 899 4157 1592,
916 4100 964 4162 57).
980 4097 1020 4150 Cl.
1033 4099 1197 4159 Thesaurus,
1211 4102 1373 4167 τριακατίους.
1389 4101 1465 4150 Adde
1477 4099 1547 4163 quod

425 4185 496 4237 idem
510 4190 538 4238 in
552 4188 629 4238 Crete
642 4191 757 4253 ephebos
775 4191 882 4240 nomine
897 4192 1052 4256 ἀποδρόμους
1067 4191 1219 4255 designatos
1234 4192 1316 4241 luisse
1332 4195 1469 4241 memoret.
1487 4187 1547 4238 Non

423 4276 531 4326 aliunde
542 4282 630 4328 autem
644 4275 774 4330 Creticam
788 4280 925 4344 ephebiam
940 4281 1071 4331 novimus.
1096 4280 1172 4340 Quod
1188 4283 1370 4332 testimonium
1387 4267 1548 4332 levioris'est

424 4363 549 4428 ponderis
562 4373 642 4429 quem
653 4372 683 4418 ut
693 4369 761 4420 benc
776 4369 890 4420 insulam
905 4371 1025 4434 catalogo
1038 4374 1131 4420 nostro
1142 4369 1334 4422 adscribamus.
