<?xml version="1.0" encoding="UTF-8"?>
<!DOCTYPE html PUBLIC "-//W3C//DTD XHTML 1.0 Transitional//EN"
    "http://www.w3.org/TR/xhtml1/DTD/xhtml1-transitional.dtd">
<html xmlns="http://www.w3.org/1999/xhtml" xml:lang="en" lang="en">
 <head>
  <title>
</title>
<meta http-equiv="Content-Type" content="text/html;charset=utf-8" />
  <meta name='ocr-system' content='tesseract 3.04.00' />
  <meta name='ocr-capabilities' content='ocr_page ocr_carea ocr_par ocr_line ocrx_word'/>
</head>
<body>
  <div class='ocr_page' id='page_1' title='image "./quiddecollegiis00collgoog_0028.png"; bbox 0 0 3492 5404; ppageno 0'>
   <div class='ocr_carea' id='block_1_1' title="bbox 671 467 830 542">
    <p class='ocr_par' dir='ltr' id='par_1_1' title="bbox 671 467 830 542">
     <span class='ocr_line' id='line_1_1' title="bbox 671 467 830 542; baseline 0 -10"><span class='ocrx_word' id='word_1_1' title='bbox 671 467 830 542; x_wconf 55' lang='lat' dir='ltr'><strong>-at-‚</strong></span> 
     </span>
    </p>
   </div>
   <div class='ocr_carea' id='block_1_2' title="bbox 95 603 1322 4071">
    <p class='ocr_par' dir='ltr' id='par_1_2' title="bbox 188 603 1311 1053">
     <span class='ocr_line' id='line_1_2' title="bbox 188 603 1311 703; baseline -0.004 -24"><span class='ocrx_word' id='word_1_2' title='bbox 188 608 324 681; x_wconf 90' lang='lat' dir='ltr'><strong>Solunti</strong></span> <span class='ocrx_word' id='word_1_3' title='bbox 341 618 523 703; x_wconf 90' lang='lat' dir='ltr'><strong>repertus,</strong></span> <span class='ocrx_word' id='word_1_4' title='bbox 545 630 651 702; x_wconf 91' lang='lat' dir='ltr'><strong>quern</strong></span> <span class='ocrx_word' id='word_1_5' title='bbox 670 607 801 702; x_wconf 86' lang='lat' dir='ltr'>publici</span> <span class='ocrx_word' id='word_1_6' title='bbox 817 605 908 696; x_wconf 75' lang='lat' dir='ltr'><strong>Juris</strong></span> <span class='ocrx_word' id='word_1_7' title='bbox 928 604 1011 676; x_wconf 85' lang='lat' dir='ltr'><strong>fecit</strong></span> <span class='ocrx_word' id='word_1_8' title='bbox 1029 604 1070 676; x_wconf 91' lang='lat' dir='ltr'><strong>G.</strong></span> <span class='ocrx_word' id='word_1_9' title='bbox 1093 604 1232 676; x_wconf 90' lang='lat' dir='ltr'><strong>Fraccia</strong></span> <span class='ocrx_word' id='word_1_10' title='bbox 1248 603 1311 699; x_wconf 86' lang='lat' dir='ltr'><strong>(Di</strong></span> 
     </span>
     <span class='ocr_line' id='line_1_3' title="bbox 188 713 1307 825; baseline -0.003 -22"><span class='ocrx_word' id='word_1_11' title='bbox 188 755 257 804; x_wconf 85' lang='lat' dir='ltr'><strong>unu</strong></span> <span class='ocrx_word' id='word_1_12' title='bbox 277 732 470 805; x_wconf 76' lang='lat' dir='ltr'><strong>inscrizione</strong></span> <span class='ocrx_word' id='word_1_13' title='bbox 493 743 637 825; x_wconf 73' lang='lat' dir='ltr'><strong>cooperta</strong></span> <span class='ocrx_word' id='word_1_14' title='bbox 655 713 690 802; x_wconf 82' lang='lat' dir='ltr'><strong>in</strong></span> <span class='ocrx_word' id='word_1_15' title='bbox 711 733 857 803; x_wconf 77' lang='lat' dir='ltr'><strong>Solunte.</strong></span> <span class='ocrx_word' id='word_1_16' title='bbox 887 731 955 800; x_wconf 85' lang='lat' dir='ltr'><strong>Dal</strong></span> <span class='ocrx_word' id='word_1_17' title='bbox 977 733 1019 800; x_wconf 86' lang='lat' dir='ltr'><strong>R.</strong></span> <span class='ocrx_word' id='word_1_18' title='bbox 1049 731 1162 800; x_wconf 84' lang='lat' dir='ltr'><strong>Museo</strong></span> <span class='ocrx_word' id='word_1_19' title='bbox 1184 729 1220 800; x_wconf 83' lang='lat' dir='ltr'><strong>di</strong></span> <span class='ocrx_word' id='word_1_20' title='bbox 1240 731 1307 800; x_wconf 85' lang='lat' dir='ltr'><strong>Po·</strong></span> 
     </span>
     <span class='ocr_line' id='line_1_4' title="bbox 190 853 1310 956; baseline -0.004 -26"><span class='ocrx_word' id='word_1_21' title='bbox 190 860 299 947; x_wconf 74' lang='lat' dir='ltr'><strong>tamo,</strong></span> <span class='ocrx_word' id='word_1_22' title='bbox 319 859 341 929; x_wconf 87' lang='lat'>7</span> <span class='ocrx_word' id='word_1_23' title='bbox 360 859 458 953; x_wconf 79' lang='lat' dir='ltr'><strong>topho</strong></span> <span class='ocrx_word' id='word_1_24' title='bbox 476 856 600 956; x_wconf 74' lang='grc'>1865).</span> <span class='ocrx_word' id='word_1_25' title='bbox 617 857 712 928; x_wconf 86' lang='lat' dir='ltr'><strong>AEtas</strong></span> <span class='ocrx_word' id='word_1_26' title='bbox 730 856 857 949; x_wconf 88' lang='lat' dir='ltr'><strong>lapidis</strong></span> <span class='ocrx_word' id='word_1_27' title='bbox 869 853 1030 948; x_wconf 77' lang='lat' dir='ltr'><strong>Augusto</strong></span> <span class='ocrx_word' id='word_1_28' title='bbox 1045 855 1216 948; x_wconf 79' lang='lat' dir='ltr'>posterior</span> <span class='ocrx_word' id='word_1_29' title='bbox 1231 876 1310 926; x_wconf 89' lang='lat' dir='ltr'><strong>esse</strong></span> 
     </span>
     <span class='ocr_line' id='line_1_5' title="bbox 190 980 1105 1053; baseline -0.002 0"><span class='ocrx_word' id='word_1_30' title='bbox 190 980 346 1053; x_wconf 87' lang='lat' dir='ltr'><strong>videtur.</strong></span> <span class='ocrx_word' id='word_1_31' title='bbox 1101 988 1105 993; x_wconf 88' lang='grc'>’</span> 
     </span>
    </p>

    <p class='ocr_par' dir='ltr' id='par_1_3' title="bbox 185 1103 1311 1698">
     <span class='ocr_line' id='line_1_6' title="bbox 238 1103 1307 1198; baseline -0.004 -20"><span class='ocrx_word' id='word_1_32' title='bbox 238 1107 413 1179; x_wconf 83' lang='lat' dir='ltr'><strong>Massalia.</strong></span> <span class='ocrx_word' id='word_1_33' title='bbox 428 1107 539 1198; x_wconf 86' lang='lat' dir='ltr'><strong>Hujus</strong></span> <span class='ocrx_word' id='word_1_34' title='bbox 553 1105 707 1180; x_wconf 90' lang='lat' dir='ltr'><strong>civitatis</strong></span> <span class='ocrx_word' id='word_1_35' title='bbox 722 1105 907 1198; x_wconf 81' lang='lat' dir='ltr'><strong>ephebiam</strong></span> <span class='ocrx_word' id='word_1_36' title='bbox 921 1103 1156 1196; x_wconf 77' lang='lat' dir='ltr'><strong>cognoscendi</strong></span> <span class='ocrx_word' id='word_1_37' title='bbox 1170 1103 1307 1197; x_wconf 93' lang='lat' dir='ltr'><strong>copiam</strong></span> 
     </span>
     <span class='ocr_line' id='line_1_7' title="bbox 191 1219 1307 1324; baseline -0.006 -21"><span class='ocrx_word' id='word_1_38' title='bbox 191 1232 292 1304; x_wconf 89' lang='lat' dir='ltr'><strong>nobis</strong></span> <span class='ocrx_word' id='word_1_39' title='bbox 309 1232 391 1303; x_wconf 86' lang='lat' dir='ltr'><strong>facit</strong></span> <span class='ocrx_word' id='word_1_40' title='bbox 410 1232 532 1304; x_wconf 91' lang='lat' dir='ltr'><strong>titulus</strong></span> <span class='ocrx_word' id='word_1_41' title='bbox 551 1253 571 1302; x_wconf 92' lang='lat' dir='ltr'><strong>a</strong></span> <span class='ocrx_word' id='word_1_42' title='bbox 591 1253 627 1302; x_wconf 86' lang='lat' dir='ltr'><strong>v.</strong></span> <span class='ocrx_word' id='word_1_43' title='bbox 649 1231 694 1302; x_wconf 89' lang='lat' dir='ltr'><strong>cl.</strong></span> <span class='ocrx_word' id='word_1_44' title='bbox 717 1230 830 1322; x_wconf 83' lang='lat' dir='ltr'><strong>Egger</strong></span> <span class='ocrx_word' id='word_1_45' title='bbox 849 1219 965 1300; x_wconf 90' lang='lat' dir='ltr'><strong>editus</strong></span> <span class='ocrx_word' id='word_1_46' title='bbox 989 1226 1067 1324; x_wconf 86' lang='lat' dir='ltr'><strong>(t),</strong></span> <span class='ocrx_word' id='word_1_47' title='bbox 1095 1228 1213 1299; x_wconf 81' lang='lat' dir='ltr'><strong>tabula</strong></span> <span class='ocrx_word' id='word_1_48' title='bbox 1238 1228 1307 1300; x_wconf 89' lang='lat' dir='ltr'><strong>sci-</strong></span> 
     </span>
     <span class='ocr_line' id='line_1_8' title="bbox 191 1353 1308 1448; baseline -0.002 -22"><span class='ocrx_word' id='word_1_49' title='bbox 191 1356 273 1428; x_wconf 89' lang='lat' dir='ltr'><strong>licet</strong></span> <span class='ocrx_word' id='word_1_50' title='bbox 295 1377 413 1442; x_wconf 87' lang='lat' dir='ltr'><strong>aerea,</strong></span> <span class='ocrx_word' id='word_1_51' title='bbox 443 1356 567 1448; x_wconf 77' lang='lat' dir='ltr'><strong>graecis</strong></span> <span class='ocrx_word' id='word_1_52' title='bbox 591 1354 853 1426; x_wconf 81' lang='lat' dir='ltr'><strong>characteribus</strong></span> <span class='ocrx_word' id='word_1_53' title='bbox 879 1353 1058 1446; x_wconf 83' lang='lat' dir='ltr'><strong>inscripta.</strong></span> <span class='ocrx_word' id='word_1_54' title='bbox 1087 1353 1123 1423; x_wconf 91' lang='lat' dir='ltr'><strong>Si</strong></span> <span class='ocrx_word' id='word_1_55' title='bbox 1152 1353 1308 1443; x_wconf 75' lang='lat' dir='ltr'><strong>litteras,</strong></span> 
     </span>
     <span class='ocr_line' id='line_1_9' title="bbox 185 1477 1311 1574; baseline -0.004 -22"><span class='ocrx_word' id='word_1_56' title='bbox 185 1481 327 1574; x_wconf 71' lang='lat' dir='ltr'><strong>,argenti</strong></span> <span class='ocrx_word' id='word_1_57' title='bbox 345 1481 496 1553; x_wconf 83' lang='lat' dir='ltr'><strong>bracteis</strong></span> <span class='ocrx_word' id='word_1_58' title='bbox 521 1481 705 1566; x_wconf 79' lang='lat' dir='ltr'><strong>inductam,</strong></span> <span class='ocrx_word' id='word_1_59' title='bbox 728 1478 975 1573; x_wconf 66' lang='lat' dir='ltr'><strong>inspiciam,</strong></span> <span class='ocrx_word' id='word_1_60' title='bbox 1000 1477 1124 1549; x_wconf 92' lang='lat' dir='ltr'><strong>videre</strong></span> <span class='ocrx_word' id='word_1_61' title='bbox 1147 1489 1200 1548; x_wconf 90' lang='lat' dir='ltr'><strong>est</strong></span> <span class='ocrx_word' id='word_1_62' title='bbox 1226 1488 1311 1549; x_wconf 76' lang='lat' dir='ltr'><strong>reta·</strong></span> 
     </span>
     <span class='ocr_line' id='line_1_10' title="bbox 193 1601 1281 1698; baseline -0.004 -23"><span class='ocrx_word' id='word_1_63' title='bbox 193 1614 262 1675; x_wconf 90' lang='lat' dir='ltr'><strong>tem</strong></span> <span class='ocrx_word' id='word_1_64' title='bbox 283 1603 374 1674; x_wconf 84' lang='lat' dir='ltr'><strong>tituli</strong></span> <span class='ocrx_word' id='word_1_65' title='bbox 395 1604 510 1698; x_wconf 92' lang='lat' dir='ltr'><strong>primo</strong></span> <span class='ocrx_word' id='word_1_66' title='bbox 530 1613 608 1697; x_wconf 92' lang='lat' dir='ltr'><strong>post</strong></span> <span class='ocrx_word' id='word_1_67' title='bbox 627 1603 801 1673; x_wconf 84' lang='lat' dir='ltr'><strong>Christum</strong></span> <span class='ocrx_word' id='word_1_68' title='bbox 821 1603 953 1673; x_wconf 85' lang='lat' dir='ltr'><strong>saecuto</strong></span> <span class='ocrx_word' id='word_1_69' title='bbox 970 1623 1049 1673; x_wconf 90' lang='lat' dir='ltr'><strong>esse</strong></span> <span class='ocrx_word' id='word_1_70' title='bbox 1071 1601 1281 1696; x_wconf 86' lang='lat' dir='ltr'><strong>proximam.</strong></span> 
     </span>
    </p>

    <p class='ocr_par' dir='ltr' id='par_1_4' title="bbox 95 1726 1322 4071">
     <span class='ocr_line' id='line_1_11' title="bbox 242 1726 1313 1834; baseline 0.001 -38"><span class='ocrx_word' id='word_1_71' title='bbox 242 1726 294 1798; x_wconf 80' lang='lat' dir='ltr'><strong>Ex</strong></span> <span class='ocrx_word' id='word_1_72' title='bbox 313 1726 382 1798; x_wconf 87' lang='lat' dir='ltr'><strong>iilis</strong></span> <span class='ocrx_word' id='word_1_73' title='bbox 400 1726 509 1798; x_wconf 91' lang='lat' dir='ltr'><strong>titulis</strong></span> <span class='ocrx_word' id='word_1_74' title='bbox 526 1747 615 1819; x_wconf 92' lang='lat' dir='ltr'><strong>quos</strong></span> <span class='ocrx_word' id='word_1_75' title='bbox 632 1727 667 1796; x_wconf 90' lang='lat' dir='ltr'><strong>in</strong></span> <span class='ocrx_word' id='word_1_76' title='bbox 683 1726 843 1818; x_wconf 78' lang='lat' dir='ltr'><strong>longiore</strong></span> <span class='ocrx_word' id='word_1_77' title='bbox 859 1727 975 1798; x_wconf 83' lang='lat' dir='ltr'><strong>forsan</strong></span> <span class='ocrx_word' id='word_1_78' title='bbox 991 1726 1151 1819; x_wconf 85' lang='lat' dir='ltr'><strong>catalogo</strong></span> <span class='ocrx_word' id='word_1_79' title='bbox 1170 1746 1313 1834; x_wconf 84' lang='lat' dir='ltr'><strong>compo·</strong></span> 
     </span>
     <span class='ocr_line' id='line_1_12' title="bbox 194 1851 1314 1944; baseline -0.001 -21"><span class='ocrx_word' id='word_1_80' title='bbox 194 1852 350 1941; x_wconf 91' lang='lat' dir='ltr'><strong>suimus,</strong></span> <span class='ocrx_word' id='word_1_81' title='bbox 371 1851 539 1924; x_wconf 87' lang='lat' dir='ltr'><strong>docemur</strong></span> <span class='ocrx_word' id='word_1_82' title='bbox 558 1851 727 1944; x_wconf 88' lang='lat' dir='ltr'><strong>ephebica</strong></span> <span class='ocrx_word' id='word_1_83' title='bbox 749 1851 907 1922; x_wconf 91' lang='lat' dir='ltr'><strong>instituta</strong></span> <span class='ocrx_word' id='word_1_84' title='bbox 926 1852 960 1922; x_wconf 90' lang='lat' dir='ltr'><strong>in</strong></span> <span class='ocrx_word' id='word_1_85' title='bbox 981 1851 1147 1924; x_wconf 90' lang='lat' dir='ltr'><strong>omnibus</strong></span> <span class='ocrx_word' id='word_1_86' title='bbox 1164 1852 1238 1922; x_wconf 89' lang='lat' dir='ltr'><strong>iere</strong></span> <span class='ocrx_word' id='word_1_87' title='bbox 1259 1872 1314 1922; x_wconf 91' lang='lat' dir='ltr'><strong>re·</strong></span> 
     </span>
     <span class='ocr_line' id='line_1_13' title="bbox 95 1975 1310 2071; baseline 0 -25"><span class='ocrx_word' id='word_1_88' title='bbox 95 2015 100 2024; x_wconf 86' lang='lat'><strong>·</strong></span> <span class='ocrx_word' id='word_1_89' title='bbox 195 1977 381 2070; x_wconf 82' lang='lat' dir='ltr'><strong>gionibus,</strong></span> <span class='ocrx_word' id='word_1_90' title='bbox 402 1998 490 2069; x_wconf 89' lang='lat' dir='ltr'><strong>quas</strong></span> <span class='ocrx_word' id='word_1_91' title='bbox 507 1975 619 2047; x_wconf 86' lang='lat' dir='ltr'><strong>Graeci</strong></span> <span class='ocrx_word' id='word_1_92' title='bbox 638 1976 883 2067; x_wconf 86' lang='lat' dir='ltr'><strong>incoluerunt,</strong></span> <span class='ocrx_word' id='word_1_93' title='bbox 902 1977 978 2071; x_wconf 88' lang='lat' dir='ltr'><strong>pari</strong></span> <span class='ocrx_word' id='word_1_94' title='bbox 995 1978 1119 2048; x_wconf 87' lang='lat' dir='ltr'><strong>iavore</strong></span> <span class='ocrx_word' id='word_1_95' title='bbox 1136 1975 1310 2048; x_wconf 88' lang='lat' dir='ltr'><strong>floruisse.</strong></span> 
     </span>
     <span class='ocr_line' id='line_1_14' title="bbox 194 2099 1313 2196; baseline -0.003 -24"><span class='ocrx_word' id='word_1_96' title='bbox 194 2099 265 2172; x_wconf 90' lang='lat' dir='ltr'><strong>Nec</strong></span> <span class='ocrx_word' id='word_1_97' title='bbox 281 2122 583 2196; x_wconf 89' lang='lat' dir='ltr'><strong>supervacaneum</strong></span> <span class='ocrx_word' id='word_1_98' title='bbox 605 2101 671 2171; x_wconf 91' lang='lat' dir='ltr'><strong>erit</strong></span> <span class='ocrx_word' id='word_1_99' title='bbox 689 2123 709 2172; x_wconf 94' lang='lat' dir='ltr'><strong>e</strong></span> <span class='ocrx_word' id='word_1_100' title='bbox 729 2102 908 2173; x_wconf 83' lang='lat' dir='ltr'><strong>titulorum</strong></span> <span class='ocrx_word' id='word_1_101' title='bbox 929 2101 1021 2173; x_wconf 90' lang='lat' dir='ltr'><strong>serie</strong></span> <span class='ocrx_word' id='word_1_102' title='bbox 1041 2100 1250 2195; x_wconf 88' lang='lat' dir='ltr'><strong>depromere</strong></span> <span class='ocrx_word' id='word_1_103' title='bbox 1269 2099 1313 2169; x_wconf 89' lang='lat' dir='ltr'><strong>il·</strong></span> 
     </span>
     <span class='ocr_line' id='line_1_15' title="bbox 197 2225 1313 2320; baseline 0.001 -25"><span class='ocrx_word' id='word_1_104' title='bbox 197 2225 249 2297; x_wconf 91' lang='lat' dir='ltr'><strong>los</strong></span> <span class='ocrx_word' id='word_1_105' title='bbox 266 2226 326 2319; x_wconf 93' lang='lat' dir='ltr'><strong>qui</strong></span> <span class='ocrx_word' id='word_1_106' title='bbox 342 2235 608 2320; x_wconf 84' lang='lat' dir='ltr'><strong>aetatemquum</strong></span> <span class='ocrx_word' id='word_1_107' title='bbox 631 2227 920 2314; x_wconf 86' lang='lat' dir='ltr'><strong>remotissimam,</strong></span> <span class='ocrx_word' id='word_1_108' title='bbox 944 2237 1015 2297; x_wconf 94' lang='lat' dir='ltr'><strong>tum</strong></span> <span class='ocrx_word' id='word_1_109' title='bbox 1037 2225 1313 2298; x_wconf 88' lang='lat' dir='ltr'><strong>recentissimam</strong></span> 
     </span>
     <span class='ocr_line' id='line_1_16' title="bbox 196 2349 1314 2446; baseline -0.001 -22"><span class='ocrx_word' id='word_1_110' title='bbox 196 2349 397 2444; x_wconf 78' lang='lat' dir='ltr'><strong>significant</strong></span> <span class='ocrx_word' id='word_1_111' title='bbox 409 2405 420 2440; x_wconf 92' lang='lat'><em>,</em></span> <span class='ocrx_word' id='word_1_112' title='bbox 442 2351 490 2422; x_wconf 85' lang='lat' dir='ltr'><strong>ita</strong></span> <span class='ocrx_word' id='word_1_113' title='bbox 511 2361 548 2422; x_wconf 93' lang='lat' dir='ltr'><strong>ut</strong></span> <span class='ocrx_word' id='word_1_114' title='bbox 569 2361 705 2446; x_wconf 90' lang='lat' dir='ltr'><strong>tempus</strong></span> <span class='ocrx_word' id='word_1_115' title='bbox 731 2373 802 2444; x_wconf 93' lang='lat' dir='ltr'><strong>quo</strong></span> <span class='ocrx_word' id='word_1_116' title='bbox 826 2351 973 2444; x_wconf 76' lang='lat' dir='ltr'><strong>collegia</strong></span> <span class='ocrx_word' id='word_1_117' title='bbox 998 2351 1178 2443; x_wconf 83' lang='lat' dir='ltr'><strong>viguerint</strong></span> <span class='ocrx_word' id='word_1_118' title='bbox 1196 2360 1314 2423; x_wconf 85' lang='lat' dir='ltr'><strong>extre·</strong></span> 
     </span>
     <span class='ocr_line' id='line_1_17' title="bbox 198 2475 1315 2570; baseline -0.002 -23"><span class='ocrx_word' id='word_1_119' title='bbox 198 2476 264 2548; x_wconf 93' lang='lat' dir='ltr'><strong>mis</strong></span> <span class='ocrx_word' id='word_1_120' title='bbox 276 2475 378 2569; x_wconf 93' lang='lat' dir='ltr'><strong>quasi</strong></span> <span class='ocrx_word' id='word_1_121' title='bbox 394 2477 553 2547; x_wconf 91' lang='lat' dir='ltr'><strong>terminis</strong></span> <span class='ocrx_word' id='word_1_122' title='bbox 568 2477 833 2549; x_wconf 81' lang='lat' dir='ltr'><strong>concludamus.</strong></span> <span class='ocrx_word' id='word_1_123' title='bbox 852 2477 878 2547; x_wconf 92' lang='lat' dir='ltr'><strong>li</strong></span> <span class='ocrx_word' id='word_1_124' title='bbox 894 2486 976 2548; x_wconf 92' lang='lat' dir='ltr'><strong>sunt</strong></span> <span class='ocrx_word' id='word_1_125' title='bbox 989 2488 1203 2570; x_wconf 89' lang='lat' dir='ltr'><strong>sequentes:</strong></span> <span class='ocrx_word' id='word_1_126' title='bbox 1223 2476 1315 2547; x_wconf 83' lang='lat' dir='ltr'><strong>tituli</strong></span> 
     </span>
     <span class='ocr_line' id='line_1_18' title="bbox 196 2598 1315 2694; baseline -0.001 -22"><span class='ocrx_word' id='word_1_127' title='bbox 196 2599 347 2693; x_wconf 80' lang='lat' dir='ltr'><strong>Megarae</strong></span> <span class='ocrx_word' id='word_1_128' title='bbox 362 2610 397 2672; x_wconf 90' lang='lat' dir='ltr'><strong>et</strong></span> <span class='ocrx_word' id='word_1_129' title='bbox 411 2600 649 2693; x_wconf 81' lang='lat' dir='ltr'><strong>AEgosthenis,</strong></span> <span class='ocrx_word' id='word_1_130' title='bbox 667 2602 727 2694; x_wconf 86' lang='lat' dir='ltr'><strong>qui</strong></span> <span class='ocrx_word' id='word_1_131' title='bbox 744 2621 855 2674; x_wconf 90' lang='lat' dir='ltr'><strong>anuos</strong></span> <span class='ocrx_word' id='word_1_132' title='bbox 870 2599 941 2674; x_wconf 71' lang='lat'><strong>223</strong></span> <span class='ocrx_word' id='word_1_133' title='bbox 959 2601 1130 2694; x_wconf 89' lang='lat' dir='ltr'><strong>usquead</strong></span> <span class='ocrx_word' id='word_1_134' title='bbox 1148 2598 1217 2673; x_wconf 81' lang='lat' dir='ltr'><strong>toa</strong></span> <span class='ocrx_word' id='word_1_135' title='bbox 1232 2610 1315 2672; x_wconf 86' lang='lat' dir='ltr'><strong>aute</strong></span> 
     </span>
     <span class='ocr_line' id='line_1_19' title="bbox 197 2723 1316 2819; baseline -0.002 -23"><span class='ocrx_word' id='word_1_136' title='bbox 197 2723 371 2798; x_wconf 88' lang='lat' dir='ltr'><strong>Christum</strong></span> <span class='ocrx_word' id='word_1_137' title='bbox 393 2725 658 2816; x_wconf 82' lang='lat' dir='ltr'><strong>demonstrant3</strong></span> <span class='ocrx_word' id='word_1_138' title='bbox 687 2726 777 2797; x_wconf 91' lang='lat' dir='ltr'><strong>tituli</strong></span> <span class='ocrx_word' id='word_1_139' title='bbox 802 2736 919 2798; x_wconf 85' lang='lat' dir='ltr'><strong>autem</strong></span> <span class='ocrx_word' id='word_1_140' title='bbox 944 2727 1108 2813; x_wconf 85' lang='lat' dir='ltr'><strong>Edessae,</strong></span> <span class='ocrx_word' id='word_1_141' title='bbox 1134 2726 1195 2819; x_wconf 93' lang='lat' dir='ltr'><strong>qui</strong></span> <span class='ocrx_word' id='word_1_142' title='bbox 1215 2725 1316 2796; x_wconf 89' lang='lat' dir='ltr'><strong>insti·</strong></span> 
     </span>
     <span class='ocr_line' id='line_1_20' title="bbox 200 2844 1316 2946; baseline -0.001 -25"><span class='ocrx_word' id='word_1_143' title='bbox 200 2861 272 2922; x_wconf 89' lang='lat' dir='ltr'><strong>tuta</strong></span> <span class='ocrx_word' id='word_1_144' title='bbox 290 2844 460 2946; x_wconf 87' lang='lat' dir='ltr'><strong>ephebica</strong></span> <span class='ocrx_word' id='word_1_145' title='bbox 479 2852 651 2944; x_wconf 92' lang='lat' dir='ltr'><strong>usquead</strong></span> <span class='ocrx_word' id='word_1_146' title='bbox 667 2873 778 2924; x_wconf 89' lang='lat' dir='ltr'><strong>annos</strong></span> <span class='ocrx_word' id='word_1_147' title='bbox 796 2850 867 2925; x_wconf 73' lang='lat'><strong>275</strong></span> <span class='ocrx_word' id='word_1_148' title='bbox 885 2852 941 2922; x_wconf 90' lang='lat' dir='ltr'><strong>vet</strong></span> <span class='ocrx_word' id='word_1_149' title='bbox 958 2849 1029 2924; x_wconf 73' lang='lat'><strong>298</strong></span> <span class='ocrx_word' id='word_1_150' title='bbox 1047 2861 1124 2945; x_wconf 91' lang='lat' dir='ltr'><strong>post</strong></span> <span class='ocrx_word' id='word_1_151' title='bbox 1140 2849 1316 2922; x_wconf 88' lang='lat' dir='ltr'><strong>Christum</strong></span> 
     </span>
     <span class='ocr_line' id='line_1_21' title="bbox 199 2975 1314 3070; baseline -0.004 -22"><span class='ocrx_word' id='word_1_152' title='bbox 199 2977 377 3048; x_wconf 87' lang='lat' dir='ltr'><strong>exstitisse</strong></span> <span class='ocrx_word' id='word_1_153' title='bbox 402 2978 645 3070; x_wconf 87' lang='lat' dir='ltr'><strong>comprobent.</strong></span> <span class='ocrx_word' id='word_1_154' title='bbox 672 2977 783 3068; x_wconf 80' lang='lat' dir='ltr'><strong>Ergo,</strong></span> <span class='ocrx_word' id='word_1_155' title='bbox 811 2977 966 3070; x_wconf 88' lang='lat' dir='ltr'><strong>tapidum</strong></span> <span class='ocrx_word' id='word_1_156' title='bbox 993 2975 1193 3048; x_wconf 91' lang='lat' dir='ltr'><strong>testimonio</strong></span> <span class='ocrx_word' id='word_1_157' title='bbox 1213 2977 1314 3066; x_wconf 83' lang='lat' dir='ltr'><strong>freti,</strong></span> 
     </span>
     <span class='ocr_line' id='line_1_22' title="bbox 200 3101 1316 3195; baseline 0.001 -23"><span class='ocrx_word' id='word_1_158' title='bbox 200 3101 235 3172; x_wconf 91' lang='lat' dir='ltr'><strong>id</strong></span> <span class='ocrx_word' id='word_1_159' title='bbox 257 3111 392 3173; x_wconf 89' lang='lat' dir='ltr'><strong>tantum</strong></span> <span class='ocrx_word' id='word_1_160' title='bbox 413 3114 551 3195; x_wconf 93' lang='lat' dir='ltr'><strong>tempus</strong></span> <span class='ocrx_word' id='word_1_161' title='bbox 573 3104 785 3195; x_wconf 78' lang='lat' dir='ltr'><strong>attingemus</strong></span> <span class='ocrx_word' id='word_1_162' title='bbox 805 3124 875 3195; x_wconf 92' lang='lat' dir='ltr'><strong>quo</strong></span> <span class='ocrx_word' id='word_1_163' title='bbox 894 3101 1050 3191; x_wconf 86' lang='lat' dir='ltr'><strong>Graecia,</strong></span> <span class='ocrx_word' id='word_1_164' title='bbox 1077 3101 1132 3174; x_wconf 86' lang='lat' dir='ltr'><strong>vei</strong></span> <span class='ocrx_word' id='word_1_165' title='bbox 1153 3102 1316 3173; x_wconf 87' lang='lat' dir='ltr'><strong>macedo·</strong></span> 
     </span>
     <span class='ocr_line' id='line_1_23' title="bbox 200 3226 1318 3318; baseline 0.001 -21"><span class='ocrx_word' id='word_1_166' title='bbox 200 3226 289 3298; x_wconf 85' lang='lat' dir='ltr'><strong>nicee</strong></span> <span class='ocrx_word' id='word_1_167' title='bbox 308 3227 366 3298; x_wconf 88' lang='lat' dir='ltr'><strong>vel</strong></span> <span class='ocrx_word' id='word_1_168' title='bbox 386 3248 542 3299; x_wconf 87' lang='lat' dir='ltr'><strong>romanae</strong></span> <span class='ocrx_word' id='word_1_169' title='bbox 562 3227 794 3300; x_wconf 87' lang='lat' dir='ltr'><strong>dominationi</strong></span> <span class='ocrx_word' id='word_1_170' title='bbox 813 3228 989 3318; x_wconf 89' lang='lat' dir='ltr'><strong>subjecta,</strong></span> <span class='ocrx_word' id='word_1_171' title='bbox 1011 3228 1080 3318; x_wconf 86' lang='lat' dir='ltr'><strong>jam</strong></span> <span class='ocrx_word' id='word_1_172' title='bbox 1101 3226 1146 3297; x_wconf 95' lang='lat' dir='ltr'><strong>ad</strong></span> <span class='ocrx_word' id='word_1_173' title='bbox 1165 3226 1318 3298; x_wconf 86' lang='lat' dir='ltr'><strong>servitu-</strong></span> 
     </span>
     <span class='ocr_line' id='line_1_24' title="bbox 201 3350 1319 3444; baseline 0 -23"><span class='ocrx_word' id='word_1_174' title='bbox 201 3360 271 3422; x_wconf 92' lang='lat' dir='ltr'><strong>tem</strong></span> <span class='ocrx_word' id='word_1_175' title='bbox 293 3350 460 3444; x_wconf 87' lang='lat' dir='ltr'><strong>paulatim</strong></span> <span class='ocrx_word' id='word_1_176' title='bbox 477 3352 697 3423; x_wconf 80' lang='lat' dir='ltr'><strong>vertebatur.</strong></span> <span class='ocrx_word' id='word_1_177' title='bbox 717 3352 827 3422; x_wconf 92' lang='lat' dir='ltr'><strong>Nemo</strong></span> <span class='ocrx_word' id='word_1_178' title='bbox 844 3351 911 3422; x_wconf 91' lang='lat' dir='ltr'><strong>erit</strong></span> <span class='ocrx_word' id='word_1_179' title='bbox 927 3350 986 3443; x_wconf 87' lang='lat' dir='ltr'><strong>qui</strong></span> <span class='ocrx_word' id='word_1_180' title='bbox 1004 3372 1072 3422; x_wconf 92' lang='lat' dir='ltr'><strong>non</strong></span> <span class='ocrx_word' id='word_1_181' title='bbox 1089 3350 1199 3444; x_wconf 87' lang='lat' dir='ltr'><strong>pluris</strong></span> <span class='ocrx_word' id='word_1_182' title='bbox 1216 3350 1319 3422; x_wconf 82' lang='lat' dir='ltr'><strong>faciat</strong></span> 
     </span>
     <span class='ocr_line' id='line_1_25' title="bbox 201 3475 1316 3571; baseline -0.002 -24"><span class='ocrx_word' id='word_1_183' title='bbox 201 3477 231 3547; x_wconf 94' lang='lat' dir='ltr'><strong>si</strong></span> <span class='ocrx_word' id='word_1_184' title='bbox 244 3476 346 3548; x_wconf 91' lang='lat' dir='ltr'><strong>nobis</strong></span> <span class='ocrx_word' id='word_1_185' title='bbox 359 3477 480 3549; x_wconf 89' lang='lat' dir='ltr'><strong>liceret</strong></span> <span class='ocrx_word' id='word_1_186' title='bbox 493 3477 661 3571; x_wconf 86' lang='lat' dir='ltr'><strong>ephebica</strong></span> <span class='ocrx_word' id='word_1_187' title='bbox 678 3477 836 3547; x_wconf 90' lang='lat' dir='ltr'><strong>instituta</strong></span> <span class='ocrx_word' id='word_1_188' title='bbox 849 3497 1028 3569; x_wconf 86' lang='lat' dir='ltr'><strong>exponere</strong></span> <span class='ocrx_word' id='word_1_189' title='bbox 1041 3475 1158 3568; x_wconf 88' lang='lat' dir='ltr'><strong>qualia</strong></span> <span class='ocrx_word' id='word_1_190' title='bbox 1172 3475 1316 3566; x_wconf 82' lang='lat' dir='ltr'><strong>tuerint,</strong></span> 
     </span>
     <span class='ocr_line' id='line_1_26' title="bbox 201 3599 1319 3693; baseline -0.003 -22"><span class='ocrx_word' id='word_1_191' title='bbox 201 3623 309 3693; x_wconf 92' lang='lat' dir='ltr'><strong>quum</strong></span> <span class='ocrx_word' id='word_1_192' title='bbox 325 3601 458 3672; x_wconf 78' lang='lat' dir='ltr'><strong>Graecia</strong></span> <span class='ocrx_word' id='word_1_193' title='bbox 479 3601 589 3672; x_wconf 89' lang='lat' dir='ltr'><strong>libera</strong></span> <span class='ocrx_word' id='word_1_194' title='bbox 609 3599 699 3672; x_wconf 83' lang='lat' dir='ltr'><strong>titios</strong></span> <span class='ocrx_word' id='word_1_195' title='bbox 716 3623 800 3673; x_wconf 91' lang='lat' dir='ltr'><strong>suos</strong></span> <span class='ocrx_word' id='word_1_196' title='bbox 816 3601 861 3671; x_wconf 89' lang='lat' dir='ltr'><strong>ad</strong></span> <span class='ocrx_word' id='word_1_197' title='bbox 883 3601 1033 3693; x_wconf 85' lang='lat' dir='ltr'><strong>publicae</strong></span> <span class='ocrx_word' id='word_1_198' title='bbox 1053 3599 1137 3670; x_wconf 87' lang='lat' dir='ltr'><strong>vitae</strong></span> <span class='ocrx_word' id='word_1_199' title='bbox 1165 3599 1319 3670; x_wconf 90' lang='lat' dir='ltr'><strong>necessi·</strong></span> 
     </span>
     <span class='ocr_line' id='line_1_27' title="bbox 202 3723 1320 3818; baseline -0.001 -22"><span class='ocrx_word' id='word_1_200' title='bbox 202 3732 291 3796; x_wconf 89' lang='lat' dir='ltr'><strong>tates</strong></span> <span class='ocrx_word' id='word_1_201' title='bbox 315 3726 498 3797; x_wconf 89' lang='lat' dir='ltr'><strong>enutriret.</strong></span> <span class='ocrx_word' id='word_1_202' title='bbox 524 3725 596 3798; x_wconf 89' lang='lat' dir='ltr'><strong>Hoc</strong></span> <span class='ocrx_word' id='word_1_203' title='bbox 620 3736 736 3797; x_wconf 88' lang='lat' dir='ltr'><strong>tamen</strong></span> <span class='ocrx_word' id='word_1_204' title='bbox 761 3725 1005 3813; x_wconf 83' lang='lat' dir='ltr'><strong>attendamus,</strong></span> <span class='ocrx_word' id='word_1_205' title='bbox 1032 3723 1194 3818; x_wconf 85' lang='lat' dir='ltr'><strong>ephebiae</strong></span> <span class='ocrx_word' id='word_1_206' title='bbox 1214 3723 1320 3795; x_wconf 85' lang='lat' dir='ltr'><strong>disci·</strong></span> 
     </span>
     <span class='ocr_line' id='line_1_28' title="bbox 202 3849 1321 3946; baseline 0.001 -27"><span class='ocrx_word' id='word_1_207' title='bbox 202 3849 315 3944; x_wconf 84' lang='lat' dir='ltr'><strong>plinus</strong></span> <span class='ocrx_word' id='word_1_208' title='bbox 325 3850 382 3922; x_wconf 89' lang='lat' dir='ltr'><strong>vet</strong></span> <span class='ocrx_word' id='word_1_209' title='bbox 396 3850 597 3922; x_wconf 90' lang='lat' dir='ltr'><strong>deterrimis</strong></span> <span class='ocrx_word' id='word_1_210' title='bbox 611 3851 990 3946; x_wconf 83' lang='lat' dir='ltr'><strong>temporibusintegras</strong></span> <span class='ocrx_word' id='word_1_211' title='bbox 1002 3849 1189 3939; x_wconf 88' lang='lat' dir='ltr'><strong>mansisse,</strong></span> <span class='ocrx_word' id='word_1_212' title='bbox 1204 3869 1321 3941; x_wconf 89' lang='lat' dir='ltr'><strong>nequa</strong></span> 
     </span>
     <span class='ocr_line' id='line_1_29' title="bbox 202 3973 1322 4071; baseline -0.001 -26"><span class='ocrx_word' id='word_1_213' title='bbox 202 3994 222 4045; x_wconf 92' lang='lat' dir='ltr'><strong>a</strong></span> <span class='ocrx_word' id='word_1_214' title='bbox 242 3973 349 4071; x_wconf 94' lang='lat' dir='ltr'><strong>priori</strong></span> <span class='ocrx_word' id='word_1_215' title='bbox 369 3976 505 4048; x_wconf 89' lang='lat' dir='ltr'><strong>ratione</strong></span> <span class='ocrx_word' id='word_1_216' title='bbox 525 3977 674 4048; x_wconf 93' lang='lat' dir='ltr'><strong>multum</strong></span> <span class='ocrx_word' id='word_1_217' title='bbox 696 3977 911 4069; x_wconf 83' lang='lat' dir='ltr'><strong>declinasse3</strong></span> <span class='ocrx_word' id='word_1_218' title='bbox 936 3997 1053 4070; x_wconf 90' lang='lat' dir='ltr'><strong>neque</strong></span> <span class='ocrx_word' id='word_1_219' title='bbox 1075 3975 1236 4070; x_wconf 84' lang='lat' dir='ltr'><strong>protecto</strong></span> <span class='ocrx_word' id='word_1_220' title='bbox 1255 3973 1322 4044; x_wconf 92' lang='lat' dir='ltr'><strong>erit</strong></span> 
     </span>
    </p>
   </div>
   <div class='ocr_carea' id='block_1_3' title="bbox 233 4202 1323 4272">
    <p class='ocr_par' dir='ltr' id='par_1_5' title="bbox 233 4202 1323 4272">
     <span class='ocr_line' id='line_1_30' title="bbox 233 4202 1323 4272; baseline 0 -18"><span class='ocrx_word' id='word_1_221' title='bbox 233 4202 268 4270; x_wconf 88' lang='lat' dir='ltr'><strong>(t)</strong></span> <span class='ocrx_word' id='word_1_222' title='bbox 285 4205 347 4256; x_wconf 85' lang='lat' dir='ltr'><strong>Note</strong></span> <span class='ocrx_word' id='word_1_223' title='bbox 357 4218 402 4256; x_wconf 84' lang='lat' dir='ltr'><strong>rur</strong></span> <span class='ocrx_word' id='word_1_224' title='bbox 413 4219 464 4257; x_wconf 81' lang='lat' dir='ltr'><strong>une</strong></span> <span class='ocrx_word' id='word_1_225' title='bbox 476 4205 633 4270; x_wconf 77' lang='lat' dir='ltr'><strong>inscription</strong></span> <span class='ocrx_word' id='word_1_226' title='bbox 646 4219 752 4270; x_wconf 69' lang='lat' dir='ltr'><strong>praeque</strong></span> <span class='ocrx_word' id='word_1_227' title='bbox 765 4207 796 4256; x_wconf 86' lang='lat' dir='ltr'><strong>de</strong></span> <span class='ocrx_word' id='word_1_228' title='bbox 810 4206 944 4257; x_wconf 72' lang='lat' dir='ltr'><strong>narseum.</strong></span> <span class='ocrx_word' id='word_1_229' title='bbox 957 4207 1075 4272; x_wconf 77' lang='lat' dir='ltr'><strong>(Ectrctt</strong></span> <span class='ocrx_word' id='word_1_230' title='bbox 1087 4207 1122 4256; x_wconf 84' lang='lat' dir='ltr'><strong>du</strong></span> <span class='ocrx_word' id='word_1_231' title='bbox 1133 4212 1230 4270; x_wconf 81' lang='lat' dir='ltr'><strong>compte</strong></span> <span class='ocrx_word' id='word_1_232' title='bbox 1239 4203 1323 4256; x_wconf 71' lang='lat' dir='ltr'><strong>rendre</strong></span> 
     </span>
    </p>
   </div>
   <div class='ocr_carea' id='block_1_4' title="bbox 203 4291 1323 4446">
    <p class='ocr_par' dir='ltr' id='par_1_6' title="bbox 203 4291 1323 4446">
     <span class='ocr_line' id='line_1_31' title="bbox 203 4291 1323 4361; baseline 0.004 -21"><span class='ocrx_word' id='word_1_233' title='bbox 203 4291 246 4341; x_wconf 79' lang='lat' dir='ltr'><strong>der</strong></span> <span class='ocrx_word' id='word_1_234' title='bbox 260 4299 369 4343; x_wconf 71' lang='lat' dir='ltr'><strong>travano</strong></span> <span class='ocrx_word' id='word_1_235' title='bbox 385 4295 421 4345; x_wconf 81' lang='lat' dir='ltr'><strong>du</strong></span> <span class='ocrx_word' id='word_1_236' title='bbox 439 4295 543 4358; x_wconf 78' lang='lat' dir='ltr'><strong>conprtr</strong></span> <span class='ocrx_word' id='word_1_237' title='bbox 561 4294 719 4360; x_wconf 71' lang='lat' dir='ltr'><strong>scientificae</strong></span> <span class='ocrx_word' id='word_1_238' title='bbox 735 4295 766 4345; x_wconf 84' lang='lat' dir='ltr'><strong>de</strong></span> <span class='ocrx_word' id='word_1_239' title='bbox 777 4296 889 4358; x_wconf 65' lang='lat' dir='ltr'><strong>Franco,</strong></span> <span class='ocrx_word' id='word_1_240' title='bbox 912 4301 973 4348; x_wconf 79' lang='lat' dir='ltr'><strong>teau</strong></span> <span class='ocrx_word' id='word_1_241' title='bbox 986 4293 1274 4361; x_wconf 59' lang='lat' dir='ltr'><strong>anta-merome.</strong></span> <span class='ocrx_word' id='word_1_242' title='bbox 1290 4304 1323 4344; x_wconf 76' lang='lat' dir='ltr'><strong>on</strong></span> 
     </span>
     <span class='ocr_line' id='line_1_32' title="bbox 203 4378 428 4446; baseline 0.004 -16"><span class='ocrx_word' id='word_1_243' title='bbox 203 4378 428 4446; x_wconf 72' lang='lat' dir='ltr'><strong>decemtredssib).</strong></span> 
     </span>
    </p>
   </div>
   <div class='ocr_carea' id='block_1_5' title="bbox 0 0 1769 5404">
    <p class='ocr_par' dir='ltr' id='par_1_7' title="bbox 0 0 1769 5404">
     <span class='ocr_line' id='line_1_33' title="bbox 0 0 1769 5404; baseline 0 0"><span class='ocrx_word' id='word_1_244' title='bbox 0 0 1769 5404; x_wconf 95' lang='lat' dir='ltr'><strong> </strong></span> 
     </span>
    </p>
   </div>
  </div>
 </body>
</html>
