<?xml version="1.0" encoding="UTF-8"?>
<!DOCTYPE html PUBLIC "-//W3C//DTD XHTML 1.0 Transitional//EN"
    "http://www.w3.org/TR/xhtml1/DTD/xhtml1-transitional.dtd">
<html xmlns="http://www.w3.org/1999/xhtml" xml:lang="en" lang="en">
 <head>
  <title>
</title>
<meta http-equiv="Content-Type" content="text/html;charset=utf-8" />
  <meta name='ocr-system' content='tesseract 3.04.00' />
  <meta name='ocr-capabilities' content='ocr_page ocr_carea ocr_par ocr_line ocrx_word'/>
</head>
<body>
  <div class='ocr_page' id='page_1' title='image "./quiddecollegiis00collgoog_0015.png"; bbox 0 0 3492 5404; ppageno 0'>
   <div class='ocr_carea' id='block_1_1' title="bbox 942 429 1080 495">
    <p class='ocr_par' dir='ltr' id='par_1_1' title="bbox 942 429 1080 495">
     <span class='ocr_line' id='line_1_1' title="bbox 942 429 1080 495; baseline 0 -17"><span class='ocrx_word' id='word_1_1' title='bbox 942 429 1080 495; x_wconf 63' lang='lat' dir='ltr'>„g-</span> 
     </span>
    </p>
   </div>
   <div class='ocr_carea' id='block_1_2' title="bbox 376 569 1575 3659">
    <p class='ocr_par' dir='ltr' id='par_1_2' title="bbox 376 569 1574 3263">
     <span class='ocr_line' id='line_1_2' title="bbox 452 569 1567 666; baseline -0.003 -23"><span class='ocrx_word' id='word_1_2' title='bbox 452 572 521 643; x_wconf 89' lang='lat' dir='ltr'>rari</span> <span class='ocrx_word' id='word_1_3' title='bbox 548 572 657 666; x_wconf 89' lang='lat' dir='ltr'><strong>possit</strong></span> <span class='ocrx_word' id='word_1_4' title='bbox 680 572 885 666; x_wconf 90' lang='lat' dir='ltr'>ephebicam</span> <span class='ocrx_word' id='word_1_5' title='bbox 911 571 1018 641; x_wconf 87' lang='lat' dir='ltr'>vitam</span> <span class='ocrx_word' id='word_1_6' title='bbox 1040 570 1122 643; x_wconf 89' lang='lat' dir='ltr'>vitae</span> <span class='ocrx_word' id='word_1_7' title='bbox 1146 569 1298 664; x_wconf 84' lang='lat' dir='ltr'>publicae</span> <span class='ocrx_word' id='word_1_8' title='bbox 1320 570 1421 663; x_wconf 84' lang='lat' dir='ltr'>quasi</span> <span class='ocrx_word' id='word_1_9' title='bbox 1444 569 1567 641; x_wconf 86' lang='lat' dir='ltr'>adum·</span> 
     </span>
     <span class='ocr_line' id='line_1_3' title="bbox 452 695 1568 790; baseline -0.002 -22"><span class='ocrx_word' id='word_1_10' title='bbox 452 699 586 769; x_wconf 89' lang='lat' dir='ltr'>bratam</span> <span class='ocrx_word' id='word_1_11' title='bbox 608 697 795 790; x_wconf 82' lang='lat' dir='ltr'>imaginem</span> <span class='ocrx_word' id='word_1_12' title='bbox 816 695 1007 768; x_wconf 70' lang='lat' dir='ltr'>exstitisse.</span> <span class='ocrx_word' id='word_1_13' title='bbox 1024 696 1107 766; x_wconf 88' lang='lat' dir='ltr'>Sive</span> <span class='ocrx_word' id='word_1_14' title='bbox 1121 696 1215 766; x_wconf 90' lang='lat' dir='ltr'>enim</span> <span class='ocrx_word' id='word_1_15' title='bbox 1232 696 1266 765; x_wconf 91' lang='lat' dir='ltr'>in</span> <span class='ocrx_word' id='word_1_16' title='bbox 1285 696 1431 767; x_wconf 85' lang='lat' dir='ltr'>ecclesia</span> <span class='ocrx_word' id='word_1_17' title='bbox 1451 705 1568 768; x_wconf 86' lang='lat' dir='ltr'>orato·</span> 
     </span>
     <span class='ocr_line' id='line_1_4' title="bbox 453 820 1569 915; baseline -0.002 -23"><span class='ocrx_word' id='word_1_18' title='bbox 453 845 509 894; x_wconf 89' lang='lat' dir='ltr'>res</span> <span class='ocrx_word' id='word_1_19' title='bbox 526 823 659 911; x_wconf 90' lang='lat' dir='ltr'>audiat,</span> <span class='ocrx_word' id='word_1_20' title='bbox 678 821 826 915; x_wconf 85' lang='lat' dir='ltr'>puhlicis</span> <span class='ocrx_word' id='word_1_21' title='bbox 844 821 964 890; x_wconf 90' lang='lat' dir='ltr'>litibus</span> <span class='ocrx_word' id='word_1_22' title='bbox 980 820 1131 908; x_wconf 85' lang='lat' dir='ltr'>intersit,</span> <span class='ocrx_word' id='word_1_23' title='bbox 1150 828 1185 890; x_wconf 91' lang='lat' dir='ltr'>et</span> <span class='ocrx_word' id='word_1_24' title='bbox 1201 820 1330 914; x_wconf 89' lang='lat' dir='ltr'>patrias</span> <span class='ocrx_word' id='word_1_25' title='bbox 1345 820 1441 913; x_wconf 84' lang='lat' dir='ltr'>leges</span> <span class='ocrx_word' id='word_1_26' title='bbox 1457 820 1569 892; x_wconf 86' lang='lat' dir='ltr'>discat</span> 
     </span>
     <span class='ocr_line' id='line_1_5' title="bbox 452 945 1566 1038; baseline -0.003 -19"><span class='ocrx_word' id='word_1_27' title='bbox 452 948 589 1036; x_wconf 82' lang='lat' dir='ltr'>vereri3</span> <span class='ocrx_word' id='word_1_28' title='bbox 613 947 689 1018; x_wconf 84' lang='lat' dir='ltr'>sive</span> <span class='ocrx_word' id='word_1_29' title='bbox 709 947 889 1038; x_wconf 77' lang='lat' dir='ltr'>religionis</span> <span class='ocrx_word' id='word_1_30' title='bbox 909 967 1007 1016; x_wconf 91' lang='lat' dir='ltr'>sacra</span> <span class='ocrx_word' id='word_1_31' title='bbox 1028 956 1063 1015; x_wconf 88' lang='lat' dir='ltr'>et</span> <span class='ocrx_word' id='word_1_32' title='bbox 1083 967 1228 1038; x_wconf 89' lang='lat' dir='ltr'>pompas</span> <span class='ocrx_word' id='word_1_33' title='bbox 1247 945 1424 1017; x_wconf 88' lang='lat' dir='ltr'>sollennes</span> <span class='ocrx_word' id='word_1_34' title='bbox 1441 966 1566 1038; x_wconf 86' lang='lat' dir='ltr'>sequa·</span> 
     </span>
     <span class='ocr_line' id='line_1_6' title="bbox 376 1070 1566 1166; baseline -0.001 -24"><span class='ocrx_word' id='word_1_35' title='bbox 376 1106 378 1110; x_wconf 95' lang='lat'>·</span> <span class='ocrx_word' id='word_1_36' title='bbox 454 1084 526 1162; x_wconf 90' lang='lat' dir='ltr'>tur;</span> <span class='ocrx_word' id='word_1_37' title='bbox 541 1070 934 1166; x_wconf 78' lang='lat' dir='ltr'>sivecorpusgymnicis</span> <span class='ocrx_word' id='word_1_38' title='bbox 944 1071 1139 1160; x_wconf 89' lang='lat' dir='ltr'>laboribus,</span> <span class='ocrx_word' id='word_1_39' title='bbox 1150 1071 1305 1141; x_wconf 89' lang='lat' dir='ltr'>animum</span> <span class='ocrx_word' id='word_1_40' title='bbox 1320 1070 1566 1164; x_wconf 87' lang='lat' dir='ltr'>philosophiae,</span> 
     </span>
     <span class='ocr_line' id='line_1_7' title="bbox 451 1173 1570 1284; baseline 0 -18"><span class='ocrx_word' id='word_1_41' title='bbox 451 1173 667 1284; x_wconf 88' lang='lat' dir='ltr'>litterarum,</span> <span class='ocrx_word' id='word_1_42' title='bbox 688 1196 836 1284; x_wconf 89' lang='lat' dir='ltr'>artium,</span> <span class='ocrx_word' id='word_1_43' title='bbox 859 1195 1002 1266; x_wconf 89' lang='lat' dir='ltr'>musicae</span> <span class='ocrx_word' id='word_1_44' title='bbox 1021 1195 1148 1265; x_wconf 90' lang='lat' dir='ltr'>studiis</span> <span class='ocrx_word' id='word_1_45' title='bbox 1168 1206 1355 1284; x_wconf 85' lang='lat' dir='ltr'>exerceat;</span> <span class='ocrx_word' id='word_1_46' title='bbox 1377 1195 1456 1266; x_wconf 86' lang='lat' dir='ltr'>sive</span> <span class='ocrx_word' id='word_1_47' title='bbox 1475 1195 1570 1266; x_wconf 91' lang='lat' dir='ltr'>deni-</span> 
     </span>
     <span class='ocr_line' id='line_1_8' title="bbox 453 1317 1566 1414; baseline -0.002 -23"><span class='ocrx_word' id='word_1_48' title='bbox 453 1344 522 1413; x_wconf 89' lang='lat' dir='ltr'>que</span> <span class='ocrx_word' id='word_1_49' title='bbox 538 1320 677 1390; x_wconf 90' lang='lat' dir='ltr'>militari</span> <span class='ocrx_word' id='word_1_50' title='bbox 693 1320 877 1414; x_wconf 86' lang='lat' dir='ltr'>disciplina</span> <span class='ocrx_word' id='word_1_51' title='bbox 894 1318 1085 1406; x_wconf 91' lang='lat' dir='ltr'>imbuatur,</span> <span class='ocrx_word' id='word_1_52' title='bbox 1104 1330 1139 1389; x_wconf 91' lang='lat' dir='ltr'>et</span> <span class='ocrx_word' id='word_1_53' title='bbox 1155 1321 1188 1387; x_wconf 92' lang='lat' dir='ltr'>in</span> <span class='ocrx_word' id='word_1_54' title='bbox 1205 1319 1311 1389; x_wconf 91' lang='lat' dir='ltr'>armis</span> <span class='ocrx_word' id='word_1_55' title='bbox 1325 1317 1451 1390; x_wconf 85' lang='lat' dir='ltr'>Atticae</span> <span class='ocrx_word' id='word_1_56' title='bbox 1465 1317 1566 1405; x_wconf 89' lang='lat' dir='ltr'>lines,</span> 
     </span>
     <span class='ocr_line' id='line_1_9' title="bbox 454 1419 1568 1541; baseline -0.002 -25"><span class='ocrx_word' id='word_1_57' title='bbox 454 1456 618 1537; x_wconf 80' lang='lat' dir='ltr'>tanquam</span> <span class='ocrx_word' id='word_1_58' title='bbox 641 1447 827 1541; x_wconf 70' lang='grc' dir='ltr'>περίπολος,</span> <span class='ocrx_word' id='word_1_59' title='bbox 860 1454 1019 1530; x_wconf 89' lang='lat' dir='ltr'>tueatur,</span> <span class='ocrx_word' id='word_1_60' title='bbox 1048 1443 1206 1537; x_wconf 87' lang='lat' dir='ltr'>ephebus</span> <span class='ocrx_word' id='word_1_61' title='bbox 1225 1443 1321 1514; x_wconf 87' lang='lat' dir='ltr'>attici</span> <span class='ocrx_word' id='word_1_62' title='bbox 1342 1443 1430 1524; x_wconf 84' lang='lat' dir='ltr'>civis</span> <span class='ocrx_word' id='word_1_63' title='bbox 1452 1419 1568 1537; x_wconf 66' lang='lat' dir='ltr'>partes</span> 
     </span>
     <span class='ocr_line' id='line_1_10' title="bbox 453 1567 1570 1664; baseline -0.001 -25"><span class='ocrx_word' id='word_1_64' title='bbox 453 1580 694 1664; x_wconf 74' lang='lat' dir='ltr'>praeoccupat,</span> <span class='ocrx_word' id='word_1_65' title='bbox 724 1570 830 1639; x_wconf 90' lang='lat' dir='ltr'>etad</span> <span class='ocrx_word' id='word_1_66' title='bbox 859 1569 977 1638; x_wconf 91' lang='lat' dir='ltr'>munia</span> <span class='ocrx_word' id='word_1_67' title='bbox 1004 1588 1067 1638; x_wconf 91' lang='lat' dir='ltr'>sua</span> <span class='ocrx_word' id='word_1_68' title='bbox 1094 1569 1186 1639; x_wconf 86' lang='lat' dir='ltr'>bene</span> <span class='ocrx_word' id='word_1_69' title='bbox 1213 1567 1389 1660; x_wconf 84' lang='lat' dir='ltr'>gerenda,</span> <span class='ocrx_word' id='word_1_70' title='bbox 1427 1569 1570 1661; x_wconf 89' lang='lat' dir='ltr'>auspice</span> 
     </span>
     <span class='ocr_line' id='line_1_11' title="bbox 454 1692 1569 1788; baseline 0 -24"><span class='ocrx_word' id='word_1_71' title='bbox 454 1695 588 1788; x_wconf 90' lang='lat' dir='ltr'>patria,</span> <span class='ocrx_word' id='word_1_72' title='bbox 618 1694 860 1788; x_wconf 84' lang='lat' dir='ltr'>praemunitur.</span> <span class='ocrx_word' id='word_1_73' title='bbox 891 1692 1005 1775; x_wconf 87' lang='lat' dir='ltr'>Quum</span> <span class='ocrx_word' id='word_1_74' title='bbox 1036 1693 1128 1763; x_wconf 87' lang='lat' dir='ltr'>inter</span> <span class='ocrx_word' id='word_1_75' title='bbox 1156 1693 1334 1787; x_wconf 75' lang='lat' dir='ltr'>epheboS,</span> <span class='ocrx_word' id='word_1_76' title='bbox 1366 1693 1401 1763; x_wconf 91' lang='lat' dir='ltr'>in</span> <span class='ocrx_word' id='word_1_77' title='bbox 1433 1693 1569 1764; x_wconf 85' lang='lat' dir='ltr'>tabulas</span> 
     </span>
     <span class='ocr_line' id='line_1_12' title="bbox 453 1815 1570 1908; baseline 0 -20"><span class='ocrx_word' id='word_1_78' title='bbox 453 1819 605 1890; x_wconf 85' lang='lat' dir='ltr'>civitatis</span> <span class='ocrx_word' id='word_1_79' title='bbox 625 1818 846 1906; x_wconf 90' lang='lat' dir='ltr'>inscribitur,</span> <span class='ocrx_word' id='word_1_80' title='bbox 869 1819 964 1908; x_wconf 88' lang='lat' dir='ltr'>jurat</span> <span class='ocrx_word' id='word_1_81' title='bbox 988 1815 1167 1888; x_wconf 86' lang='lat' dir='ltr'>seolficia</span> <span class='ocrx_word' id='word_1_82' title='bbox 1191 1818 1322 1888; x_wconf 84' lang='lat' dir='ltr'>civium</span> <span class='ocrx_word' id='word_1_83' title='bbox 1343 1839 1479 1888; x_wconf 89' lang='lat' dir='ltr'>summa</span> <span class='ocrx_word' id='word_1_84' title='bbox 1501 1817 1570 1888; x_wconf 88' lang='lat' dir='ltr'>fide</span> 
     </span>
     <span class='ocr_line' id='line_1_13' title="bbox 453 1942 1572 2037; baseline -0.004 -22"><span class='ocrx_word' id='word_1_85' title='bbox 453 1966 530 2015; x_wconf 85' lang='lat' dir='ltr'>esse</span> <span class='ocrx_word' id='word_1_86' title='bbox 543 1944 812 2015; x_wconf 86' lang='lat' dir='ltr'>observaturum</span> <span class='ocrx_word' id='word_1_87' title='bbox 824 1967 833 2032; x_wconf 88' lang='lat'>;</span> <span class='ocrx_word' id='word_1_88' title='bbox 846 1964 949 2034; x_wconf 91' lang='lat' dir='ltr'>quam</span> <span class='ocrx_word' id='word_1_89' title='bbox 963 1942 1062 2035; x_wconf 81' lang='lat' dir='ltr'>gravi</span> <span class='ocrx_word' id='word_1_90' title='bbox 1072 1952 1189 2020; x_wconf 85' lang='lat' dir='ltr'>autem</span> <span class='ocrx_word' id='word_1_91' title='bbox 1204 1943 1322 2014; x_wconf 92' lang='lat' dir='ltr'>animo</span> <span class='ocrx_word' id='word_1_92' title='bbox 1335 1942 1493 2037; x_wconf 89' lang='lat' dir='ltr'>ephebus</span> <span class='ocrx_word' id='word_1_93' title='bbox 1503 1942 1572 2014; x_wconf 90' lang='lat' dir='ltr'>col·</span> 
     </span>
     <span class='ocr_line' id='line_1_14' title="bbox 453 2061 1568 2160; baseline 0.002 -25"><span class='ocrx_word' id='word_1_94' title='bbox 453 2066 582 2159; x_wconf 83' lang='lat' dir='ltr'>legium</span> <span class='ocrx_word' id='word_1_95' title='bbox 600 2067 717 2155; x_wconf 92' lang='lat' dir='ltr'>iniret,</span> <span class='ocrx_word' id='word_1_96' title='bbox 736 2089 781 2137; x_wconf 87' lang='lat' dir='ltr'>ex</span> <span class='ocrx_word' id='word_1_97' title='bbox 797 2066 881 2158; x_wconf 91' lang='lat' dir='ltr'>ipsis</span> <span class='ocrx_word' id='word_1_98' title='bbox 894 2065 1127 2156; x_wconf 84' lang='lat' dir='ltr'>jurisjurandi</span> <span class='ocrx_word' id='word_1_99' title='bbox 1146 2066 1265 2136; x_wconf 89' lang='lat' dir='ltr'>verbis</span> <span class='ocrx_word' id='word_1_100' title='bbox 1279 2065 1480 2155; x_wconf 89' lang='lat' dir='ltr'>judicamus</span> <span class='ocrx_word' id='word_1_101' title='bbox 1498 2061 1513 2160; x_wconf 83' lang='lat'>(</span> <span class='ocrx_word' id='word_1_102' title='bbox 1540 2062 1568 2160; x_wconf 89' lang='lat'><em>)</em></span> 
     </span>
     <span class='ocr_line' id='line_1_15' title="bbox 459 2190 1571 2286; baseline -0.002 -25"><span class='ocrx_word' id='word_1_103' title='bbox 459 2225 463 2230; x_wconf 93' lang='lat'><em>·</em></span> <span class='ocrx_word' id='word_1_104' title='bbox 502 2191 603 2274; x_wconf 88' lang='lat' dir='ltr'>Quod</span> <span class='ocrx_word' id='word_1_105' title='bbox 622 2193 667 2262; x_wconf 88' lang='lat' dir='ltr'>ad</span> <span class='ocrx_word' id='word_1_106' title='bbox 685 2191 870 2286; x_wconf 86' lang='lat' dir='ltr'>ephebiam</span> <span class='ocrx_word' id='word_1_107' title='bbox 890 2191 1029 2262; x_wconf 89' lang='lat' dir='ltr'>atticam</span> <span class='ocrx_word' id='word_1_108' title='bbox 1050 2191 1219 2282; x_wconf 89' lang='lat' dir='ltr'>pertinet,</span> <span class='ocrx_word' id='word_1_109' title='bbox 1239 2190 1571 2281; x_wconf 76' lang='lat' dir='ltr'>magnadocumen·</span> 
     </span>
     <span class='ocr_line' id='line_1_16' title="bbox 454 2313 1572 2410; baseline 0 -25"><span class='ocrx_word' id='word_1_110' title='bbox 454 2326 568 2388; x_wconf 92' lang='lat' dir='ltr'>torum</span> <span class='ocrx_word' id='word_1_111' title='bbox 589 2316 689 2410; x_wconf 88' lang='lat' dir='ltr'>copia</span> <span class='ocrx_word' id='word_1_112' title='bbox 713 2317 933 2410; x_wconf 87' lang='lat' dir='ltr'>suppeditat,</span> <span class='ocrx_word' id='word_1_113' title='bbox 964 2339 1008 2386; x_wconf 84' lang='lat' dir='ltr'>ex</span> <span class='ocrx_word' id='word_1_114' title='bbox 1036 2336 1131 2408; x_wconf 93' lang='lat' dir='ltr'>quo,</span> <span class='ocrx_word' id='word_1_115' title='bbox 1158 2336 1251 2386; x_wconf 89' lang='lat' dir='ltr'>anno</span> <span class='ocrx_word' id='word_1_116' title='bbox 1278 2315 1370 2383; x_wconf 77' lang='lat' dir='ltr'>laco</span> <span class='ocrx_word' id='word_1_117' title='bbox 1386 2369 1395 2403; x_wconf 90' lang='lat'>‚</span> <span class='ocrx_word' id='word_1_118' title='bbox 1422 2313 1572 2387; x_wconf 87' lang='lat' dir='ltr'>Athenis</span> 
     </span>
     <span class='ocr_line' id='line_1_17' title="bbox 454 2439 1574 2535; baseline -0.002 -25"><span class='ocrx_word' id='word_1_119' title='bbox 454 2451 592 2534; x_wconf 88' lang='lat' dir='ltr'>reperta</span> <span class='ocrx_word' id='word_1_120' title='bbox 609 2451 691 2510; x_wconf 89' lang='lat' dir='ltr'>sunt</span> <span class='ocrx_word' id='word_1_121' title='bbox 710 2442 870 2527; x_wconf 87' lang='lat' dir='ltr'>decreta,</span> <span class='ocrx_word' id='word_1_122' title='bbox 894 2441 1060 2512; x_wconf 91' lang='lat' dir='ltr'>marmori</span> <span class='ocrx_word' id='word_1_123' title='bbox 1082 2440 1280 2535; x_wconf 81' lang='lat' dir='ltr'>insculpta,</span> <span class='ocrx_word' id='word_1_124' title='bbox 1301 2461 1382 2532; x_wconf 90' lang='lat' dir='ltr'>quae</span> <span class='ocrx_word' id='word_1_125' title='bbox 1399 2439 1505 2531; x_wconf 92' lang='lat' dir='ltr'>hujus</span> <span class='ocrx_word' id='word_1_126' title='bbox 1525 2440 1574 2509; x_wconf 92' lang='lat' dir='ltr'>in·</span> 
     </span>
     <span class='ocr_line' id='line_1_18' title="bbox 454 2551 1574 2658; baseline -0.001 -22"><span class='ocrx_word' id='word_1_127' title='bbox 454 2566 566 2636; x_wconf 91' lang='lat' dir='ltr'>stituti</span> <span class='ocrx_word' id='word_1_128' title='bbox 586 2566 685 2658; x_wconf 90' lang='lat' dir='ltr'>quasi</span> <span class='ocrx_word' id='word_1_129' title='bbox 703 2565 896 2658; x_wconf 88' lang='lat' dir='ltr'>peculiares</span> <span class='ocrx_word' id='word_1_130' title='bbox 920 2576 955 2636; x_wconf 89' lang='lat' dir='ltr'>et</span> <span class='ocrx_word' id='word_1_131' title='bbox 976 2565 1132 2658; x_wconf 89' lang='lat' dir='ltr'>privatos</span> <span class='ocrx_word' id='word_1_132' title='bbox 1150 2551 1297 2636; x_wconf 89' lang='lat' dir='ltr'>annales</span> <span class='ocrx_word' id='word_1_133' title='bbox 1325 2565 1361 2635; x_wconf 92' lang='lat' dir='ltr'>in</span> <span class='ocrx_word' id='word_1_134' title='bbox 1389 2565 1503 2636; x_wconf 89' lang='lat' dir='ltr'>lucem</span> <span class='ocrx_word' id='word_1_135' title='bbox 1525 2577 1574 2635; x_wconf 91' lang='lat' dir='ltr'>at-</span> 
     </span>
     <span class='ocr_line' id='line_1_19' title="bbox 456 2688 1574 2784; baseline 0 -26"><span class='ocrx_word' id='word_1_136' title='bbox 456 2690 611 2759; x_wconf 91' lang='lat' dir='ltr'>tulerunt</span> <span class='ocrx_word' id='word_1_137' title='bbox 631 2688 697 2784; x_wconf 70' lang='lat'>(2).</span> <span class='ocrx_word' id='word_1_138' title='bbox 721 2689 755 2758; x_wconf 89' lang='lat' dir='ltr'>Si</span> <span class='ocrx_word' id='word_1_139' title='bbox 776 2689 931 2782; x_wconf 88' lang='lat' dir='ltr'>lapidum</span> <span class='ocrx_word' id='word_1_140' title='bbox 953 2689 1153 2761; x_wconf 86' lang='lat' dir='ltr'>testimonla</span> <span class='ocrx_word' id='word_1_141' title='bbox 1170 2711 1249 2759; x_wconf 92' lang='lat' dir='ltr'>cum</span> <span class='ocrx_word' id='word_1_142' title='bbox 1267 2688 1516 2761; x_wconf 91' lang='lat' dir='ltr'>historicorum</span> <span class='ocrx_word' id='word_1_143' title='bbox 1538 2698 1574 2760; x_wconf 89' lang='lat' dir='ltr'>et</span> 
     </span>
     <span class='ocr_line' id='line_1_20' title="bbox 454 2814 1570 2909; baseline 0.002 -27"><span class='ocrx_word' id='word_1_144' title='bbox 454 2815 743 2908; x_wconf 90' lang='lat' dir='ltr'>philosophorum</span> <span class='ocrx_word' id='word_1_145' title='bbox 765 2815 867 2884; x_wconf 91' lang='lat' dir='ltr'>dictis</span> <span class='ocrx_word' id='word_1_146' title='bbox 887 2816 1136 2904; x_wconf 84' lang='lat' dir='ltr'>conterantur,</span> <span class='ocrx_word' id='word_1_147' title='bbox 1160 2815 1281 2909; x_wconf 93' lang='lat' dir='ltr'>procul</span> <span class='ocrx_word' id='word_1_148' title='bbox 1302 2837 1322 2885; x_wconf 91' lang='lat' dir='ltr'>a</span> <span class='ocrx_word' id='word_1_149' title='bbox 1341 2815 1451 2886; x_wconf 92' lang='lat' dir='ltr'>dubio</span> <span class='ocrx_word' id='word_1_150' title='bbox 1471 2814 1570 2886; x_wconf 87' lang='lat' dir='ltr'>vide·</span> 
     </span>
     <span class='ocr_line' id='line_1_21' title="bbox 455 2939 1570 3034; baseline 0.001 -25"><span class='ocrx_word' id='word_1_151' title='bbox 455 2939 549 3009; x_wconf 90' lang='lat' dir='ltr'>bitur</span> <span class='ocrx_word' id='word_1_152' title='bbox 574 2940 734 3033; x_wconf 82' lang='lat' dir='ltr'>ephebiae</span> <span class='ocrx_word' id='word_1_153' title='bbox 757 2940 938 3010; x_wconf 89' lang='lat' dir='ltr'>historiam</span> <span class='ocrx_word' id='word_1_154' title='bbox 958 2950 992 3010; x_wconf 93' lang='lat' dir='ltr'>et</span> <span class='ocrx_word' id='word_1_155' title='bbox 1009 2940 1212 3034; x_wconf 89' lang='lat' dir='ltr'>disciplinas</span> <span class='ocrx_word' id='word_1_156' title='bbox 1232 2940 1377 3012; x_wconf 91' lang='lat' dir='ltr'>omnino</span> <span class='ocrx_word' id='word_1_157' title='bbox 1401 2962 1480 3011; x_wconf 92' lang='lat' dir='ltr'>cum</span> <span class='ocrx_word' id='word_1_158' title='bbox 1502 2939 1570 3026; x_wconf 91' lang='lat' dir='ltr'>iis,</span> 
     </span>
     <span class='ocr_line' id='line_1_22' title="bbox 455 3066 1572 3161; baseline 0.002 -28"><span class='ocrx_word' id='word_1_159' title='bbox 455 3087 535 3156; x_wconf 87' lang='lat' dir='ltr'>qnae</span> <span class='ocrx_word' id='word_1_160' title='bbox 560 3066 604 3135; x_wconf 90' lang='lat' dir='ltr'>de</span> <span class='ocrx_word' id='word_1_161' title='bbox 629 3066 778 3158; x_wconf 91' lang='lat' dir='ltr'>publicae</span> <span class='ocrx_word' id='word_1_162' title='bbox 802 3068 887 3136; x_wconf 89' lang='lat' dir='ltr'>vitae</span> <span class='ocrx_word' id='word_1_163' title='bbox 912 3067 1179 3138; x_wconf 89' lang='lat' dir='ltr'>necessitatibus</span> <span class='ocrx_word' id='word_1_164' title='bbox 1204 3066 1339 3160; x_wconf 90' lang='lat' dir='ltr'>prolata</span> <span class='ocrx_word' id='word_1_165' title='bbox 1361 3076 1465 3161; x_wconf 85' lang='lat' dir='ltr'>sunt,</span> <span class='ocrx_word' id='word_1_166' title='bbox 1493 3085 1572 3135; x_wconf 89' lang='lat' dir='ltr'>csse</span> 
     </span>
     <span class='ocr_line' id='line_1_23' title="bbox 456 3208 721 3263; baseline 0.008 -5"><span class='ocrx_word' id='word_1_167' title='bbox 456 3208 721 3263; x_wconf 89' lang='lat' dir='ltr'>consentaneas.</span> 
     </span>
    </p>

    <p class='ocr_par' dir='ltr' id='par_1_3' title="bbox 455 3314 1575 3659">
     <span class='ocr_line' id='line_1_24' title="bbox 504 3314 1573 3408; baseline 0.002 -25"><span class='ocrx_word' id='word_1_168' title='bbox 504 3315 573 3387; x_wconf 87' lang='lat' dir='ltr'>Sed</span> <span class='ocrx_word' id='word_1_169' title='bbox 593 3338 663 3388; x_wconf 93' lang='lat' dir='ltr'>non</span> <span class='ocrx_word' id='word_1_170' title='bbox 682 3315 830 3386; x_wconf 86' lang='lat' dir='ltr'>Athenis</span> <span class='ocrx_word' id='word_1_171' title='bbox 850 3317 1072 3388; x_wconf 91' lang='lat' dir='ltr'>solummodo</span> <span class='ocrx_word' id='word_1_172' title='bbox 1095 3316 1313 3408; x_wconf 88' lang='lat' dir='ltr'>epheborum</span> <span class='ocrx_word' id='word_1_173' title='bbox 1338 3314 1485 3407; x_wconf 82' lang='lat' dir='ltr'>collegia</span> <span class='ocrx_word' id='word_1_174' title='bbox 1511 3314 1573 3386; x_wconf 90' lang='lat' dir='ltr'>llo·</span> 
     </span>
     <span class='ocr_line' id='line_1_25' title="bbox 456 3439 1572 3531; baseline -0.004 -18"><span class='ocrx_word' id='word_1_175' title='bbox 456 3442 569 3513; x_wconf 89' lang='lat' dir='ltr'>ruisse</span> <span class='ocrx_word' id='word_1_176' title='bbox 593 3443 692 3512; x_wconf 80' lang='lat' dir='ltr'>facile</span> <span class='ocrx_word' id='word_1_177' title='bbox 718 3441 896 3531; x_wconf 87' lang='lat' dir='ltr'>conjicias.</span> <span class='ocrx_word' id='word_1_178' title='bbox 928 3441 1060 3512; x_wconf 90' lang='lat' dir='ltr'>Ceterae</span> <span class='ocrx_word' id='word_1_179' title='bbox 1088 3441 1182 3511; x_wconf 91' lang='lat' dir='ltr'>enim</span> <span class='ocrx_word' id='word_1_180' title='bbox 1214 3441 1375 3511; x_wconf 88' lang='lat' dir='ltr'>civitates</span> <span class='ocrx_word' id='word_1_181' title='bbox 1386 3493 1396 3528; x_wconf 91' lang='lat'>,</span> <span class='ocrx_word' id='word_1_182' title='bbox 1428 3440 1505 3510; x_wconf 84' lang='lat' dir='ltr'>sive</span> <span class='ocrx_word' id='word_1_183' title='bbox 1538 3439 1572 3508; x_wconf 95' lang='lat' dir='ltr'>in</span> 
     </span>
     <span class='ocr_line' id='line_1_26' title="bbox 455 3541 1575 3659; baseline -0.004 -21"><span class='ocrx_word' id='word_1_184' title='bbox 455 3541 610 3657; x_wconf 84' lang='lat' dir='ltr'>Graecia,</span> <span class='ocrx_word' id='word_1_185' title='bbox 645 3568 721 3638; x_wconf 89' lang='lat' dir='ltr'>sive</span> <span class='ocrx_word' id='word_1_186' title='bbox 741 3568 775 3636; x_wconf 94' lang='lat' dir='ltr'>in</span> <span class='ocrx_word' id='word_1_187' title='bbox 797 3564 878 3636; x_wconf 88' lang='lat' dir='ltr'>Asia</span> <span class='ocrx_word' id='word_1_188' title='bbox 896 3566 1051 3654; x_wconf 88' lang='lat' dir='ltr'>Minore,</span> <span class='ocrx_word' id='word_1_189' title='bbox 1085 3567 1179 3636; x_wconf 90' lang='lat' dir='ltr'>haud</span> <span class='ocrx_word' id='word_1_190' title='bbox 1199 3565 1246 3634; x_wconf 90' lang='lat' dir='ltr'>ita</span> <span class='ocrx_word' id='word_1_191' title='bbox 1266 3565 1499 3659; x_wconf 90' lang='lat' dir='ltr'>discrepantia</span> <span class='ocrx_word' id='word_1_192' title='bbox 1530 3563 1575 3636; x_wconf 91' lang='lat' dir='ltr'>ah</span> 
     </span>
    </p>
   </div>
   <div class='ocr_carea' id='block_1_3' title="bbox 455 3812 1577 4402">
    <p class='ocr_par' dir='ltr' id='par_1_4' title="bbox 455 3812 1576 3966">
     <span class='ocr_line' id='line_1_27' title="bbox 489 3812 1576 3879; baseline -0.004 -17"><span class='ocrx_word' id='word_1_193' title='bbox 489 3812 523 3879; x_wconf 78' lang='lat' dir='ltr'>(l)</span> <span class='ocrx_word' id='word_1_194' title='bbox 539 3812 642 3863; x_wconf 86' lang='lat' dir='ltr'>Tritum</span> <span class='ocrx_word' id='word_1_195' title='bbox 662 3817 702 3863; x_wconf 85' lang='lat' dir='ltr'>est</span> <span class='ocrx_word' id='word_1_196' title='bbox 722 3817 748 3862; x_wconf 87' lang='lat' dir='ltr'>et</span> <span class='ocrx_word' id='word_1_197' title='bbox 765 3815 949 3877; x_wconf 84' lang='lat' dir='ltr'>pervulgatum</span> <span class='ocrx_word' id='word_1_198' title='bbox 962 3815 1012 3864; x_wconf 92' lang='lat' dir='ltr'>hoc</span> <span class='ocrx_word' id='word_1_199' title='bbox 1025 3813 1211 3876; x_wconf 71' lang='lat' dir='ltr'>iusiurandum</span> <span class='ocrx_word' id='word_1_200' title='bbox 1225 3829 1240 3862; x_wconf 84' lang='lat' dir='ltr'>a</span> <span class='ocrx_word' id='word_1_201' title='bbox 1254 3812 1430 3876; x_wconf 86' lang='lat' dir='ltr'>scriptoribus</span> <span class='ocrx_word' id='word_1_202' title='bbox 1444 3823 1502 3860; x_wconf 86' lang='lat' dir='ltr'>esse</span> <span class='ocrx_word' id='word_1_203' title='bbox 1517 3823 1576 3859; x_wconf 77' lang='lat' dir='ltr'>ser-</span> 
     </span>
     <span class='ocr_line' id='line_1_28' title="bbox 455 3893 1341 3966; baseline -0.005 -12"><span class='ocrx_word' id='word_1_204' title='bbox 455 3901 554 3954; x_wconf 81' lang='lat' dir='ltr'>vatum.</span> <span class='ocrx_word' id='word_1_205' title='bbox 571 3900 633 3952; x_wconf 86' lang='lat' dir='ltr'>Vid.</span> <span class='ocrx_word' id='word_1_206' title='bbox 649 3901 746 3952; x_wconf 83' lang='lat' dir='ltr'>Stobaei</span> <span class='ocrx_word' id='word_1_207' title='bbox 761 3903 936 3966; x_wconf 77' lang='lat' dir='ltr'>Florileplom,</span> <span class='ocrx_word' id='word_1_208' title='bbox 953 3903 992 3961; x_wconf 78' lang='lat'>43,</span> <span class='ocrx_word' id='word_1_209' title='bbox 1009 3903 1047 3952; x_wconf 78' lang='lat'>48.</span> <span class='ocrx_word' id='word_1_210' title='bbox 1062 3903 1171 3962; x_wconf 86' lang='lat' dir='ltr'>Pollux,</span> <span class='ocrx_word' id='word_1_211' title='bbox 1189 3893 1270 3962; x_wconf 83' lang='lat' dir='ltr'>VIII,</span> <span class='ocrx_word' id='word_1_212' title='bbox 1288 3901 1341 3952; x_wconf 88' lang='lat'>105.</span> 
     </span>
    </p>

    <p class='ocr_par' dir='ltr' id='par_1_5' title="bbox 455 3988 1577 4402">
     <span class='ocr_line' id='line_1_29' title="bbox 486 3988 1577 4058; baseline -0.003 -16"><span class='ocrx_word' id='word_1_213' title='bbox 486 3994 519 4056; x_wconf 71' lang='lat'>(2)</span> <span class='ocrx_word' id='word_1_214' title='bbox 534 3993 615 4042; x_wconf 86' lang='lat' dir='ltr'>Plane</span> <span class='ocrx_word' id='word_1_215' title='bbox 627 3994 800 4043; x_wconf 88' lang='lat' dir='ltr'>innotuerunt</span> <span class='ocrx_word' id='word_1_216' title='bbox 815 3994 916 4056; x_wconf 89' lang='lat' dir='ltr'>lapides</span> <span class='ocrx_word' id='word_1_217' title='bbox 931 3995 1033 4043; x_wconf 85' lang='lat' dir='ltr'>inventi</span> <span class='ocrx_word' id='word_1_218' title='bbox 1047 4009 1129 4058; x_wconf 86' lang='lat' dir='ltr'>prope</span> <span class='ocrx_word' id='word_1_219' title='bbox 1141 3993 1334 4057; x_wconf 86' lang='lat' dir='ltr'>Pyrgiotissam</span> <span class='ocrx_word' id='word_1_220' title='bbox 1344 4030 1349 4046; x_wconf 85' lang='lat'><em>.</em></span> <span class='ocrx_word' id='word_1_221' title='bbox 1361 3994 1387 4040; x_wconf 87' lang='lat' dir='ltr'>el</span> <span class='ocrx_word' id='word_1_222' title='bbox 1400 4004 1482 4054; x_wconf 89' lang='lat' dir='ltr'>prope</span> <span class='ocrx_word' id='word_1_223' title='bbox 1494 3988 1577 4040; x_wconf 64' lang='lat' dir='ltr'>ecclca</span> 
     </span>
     <span class='ocr_line' id='line_1_30' title="bbox 456 4073 1577 4154; baseline -0.005 -22"><span class='ocrx_word' id='word_1_224' title='bbox 456 4083 522 4132; x_wconf 87' lang='lat' dir='ltr'>siam</span> <span class='ocrx_word' id='word_1_225' title='bbox 538 4085 581 4132; x_wconf 85' lang='lat' dir='ltr'>cui</span> <span class='ocrx_word' id='word_1_226' title='bbox 596 4086 753 4133; x_wconf 86' lang='lat' dir='ltr'>vocabulum</span> <span class='ocrx_word' id='word_1_227' title='bbox 768 4084 942 4134; x_wconf 83' lang='lat' dir='ltr'>attribuitur:</span> <span class='ocrx_word' id='word_1_228' title='bbox 957 4083 1078 4146; x_wconf 88' lang='lat' dir='ltr'>Hagbios</span> <span class='ocrx_word' id='word_1_229' title='bbox 1091 4073 1391 4144; x_wconf 72' lang='lat' dir='ltr'>DimitriosKalipbori.</span> <span class='ocrx_word' id='word_1_230' title='bbox 1416 4077 1455 4130; x_wconf 88' lang='lat' dir='ltr'>De</span> <span class='ocrx_word' id='word_1_231' title='bbox 1468 4078 1577 4154; x_wconf 81' lang='lat' dir='ltr'>ephebia</span> 
     </span>
     <span class='ocr_line' id='line_1_31' title="bbox 456 4167 1575 4244; baseline -0.004 -24"><span class='ocrx_word' id='word_1_232' title='bbox 456 4173 537 4222; x_wconf 85' lang='lat' dir='ltr'>attica</span> <span class='ocrx_word' id='word_1_233' title='bbox 560 4173 621 4223; x_wconf 87' lang='lat' dir='ltr'>vide</span> <span class='ocrx_word' id='word_1_234' title='bbox 643 4174 774 4244; x_wconf 85' lang='lat' dir='ltr'>imprimis</span> <span class='ocrx_word' id='word_1_235' title='bbox 796 4173 859 4234; x_wconf 88' lang='lat' dir='ltr'>quid</span> <span class='ocrx_word' id='word_1_236' title='bbox 880 4173 1054 4222; x_wconf 87' lang='lat' dir='ltr'>disseruerint</span> <span class='ocrx_word' id='word_1_237' title='bbox 1076 4171 1278 4236; x_wconf 82' lang='lat' dir='ltr'>Ditteuberger,</span> <span class='ocrx_word' id='word_1_238' title='bbox 1302 4170 1338 4221; x_wconf 82' lang='lat' dir='ltr'>Dc</span> <span class='ocrx_word' id='word_1_239' title='bbox 1353 4167 1460 4236; x_wconf 80' lang='lat' dir='ltr'>Epheblr&#39;</span> <span class='ocrx_word' id='word_1_240' title='bbox 1482 4167 1575 4220; x_wconf 78' lang='lat' dir='ltr'>atticis.</span> 
     </span>
     <span class='ocr_line' id='line_1_32' title="bbox 456 4247 1576 4326; baseline -0.002 -17"><span class='ocrx_word' id='word_1_241' title='bbox 456 4259 602 4326; x_wconf 85' lang='lat' dir='ltr'>Gottingae,</span> <span class='ocrx_word' id='word_1_242' title='bbox 622 4263 696 4321; x_wconf 80' lang='lat'><strong>1863;</strong></span> <span class='ocrx_word' id='word_1_243' title='bbox 718 4268 744 4313; x_wconf 86' lang='lat' dir='ltr'>et</span> <span class='ocrx_word' id='word_1_244' title='bbox 756 4247 791 4312; x_wconf 74' lang='lat' dir='ltr'>h.</span> <span class='ocrx_word' id='word_1_245' title='bbox 808 4262 937 4319; x_wconf 85' lang='lat' dir='ltr'>Dumont,</span> <span class='ocrx_word' id='word_1_246' title='bbox 962 4263 1037 4312; x_wconf 76' lang='lat' dir='ltr'>Esset</span> <span class='ocrx_word' id='word_1_247' title='bbox 1048 4276 1094 4312; x_wconf 79' lang='lat' dir='ltr'>rar</span> <span class='ocrx_word' id='word_1_248' title='bbox 1107 4261 1232 4326; x_wconf 77' lang='lat' dir='ltr'>l&#39;llphthlc</span> <span class='ocrx_word' id='word_1_249' title='bbox 1246 4262 1351 4326; x_wconf 79' lang='lat' dir='ltr'>altique.</span> <span class='ocrx_word' id='word_1_250' title='bbox 1375 4259 1470 4314; x_wconf 79' lang='lat' dir='ltr'>Paris,</span> <span class='ocrx_word' id='word_1_251' title='bbox 1498 4255 1576 4318; x_wconf 83' lang='lat'>1876,</span> 
     </span>
     <span class='ocr_line' id='line_1_33' title="bbox 455 4350 536 4402; baseline 0.025 -2"><span class='ocrx_word' id='word_1_252' title='bbox 455 4350 470 4400; x_wconf 77' lang='lat'>2</span> <span class='ocrx_word' id='word_1_253' title='bbox 485 4354 536 4402; x_wconf 87' lang='lat' dir='ltr'>vol.</span> 
     </span>
    </p>
   </div>
   <div class='ocr_carea' id='block_1_4' title="bbox 0 0 1758 5396">
    <p class='ocr_par' dir='ltr' id='par_1_6' title="bbox 0 0 1758 5396">
     <span class='ocr_line' id='line_1_34' title="bbox 0 0 1758 5396; baseline 0 0"><span class='ocrx_word' id='word_1_254' title='bbox 0 0 1758 5396; x_wconf 95' lang='lat' dir='ltr'> </span> 
     </span>
    </p>
   </div>
  </div>
 </body>
</html>
