3492 5404
709 558 869 620 ...41-

230 695 373 767 vitatem
390 695 597 786 mandasse3
616 718 731 789 neque
744 697 869 766 mirum
886 696 953 766 erit
966 697 995 766 si
1012 696 1225 788 quandoque
1240 697 1344 788 ephe·

228 821 298 892 biae
317 821 574 893 moderatorem
594 821 794 892 sacerdotio
813 822 966 914 quodam
995 821 1215 892 nobilitatum
1237 821 1345 893 fuisse

231 945 544 1039 deprehendimus.

279 1068 458 1162 Ministros
474 1081 592 1140 autem
611 1069 763 1141 minores
780 1090 926 1141 numero
941 1080 1047 1162 atque
1066 1071 1101 1139 in
1119 1070 1222 1140 attica
1239 1070 1347 1163 ephe·

232 1193 289 1265 bia
308 1194 487 1265 exstitisse
511 1193 720 1266 confirmant
736 1194 884 1287 lapides.
906 1194 1011 1264 Recte
1034 1195 1126 1266 enim
1148 1195 1348 1287 opinaberis

234 1319 362 1390 nuttam
384 1319 564 1390 civitatem
585 1320 710 1414 opibus
728 1319 813 1390 satis
830 1318 1010 1390 herentem
1027 1331 1062 1390 et
1075 1320 1221 1414 pecunia
1236 1321 1349 1390 abun·

235 1443 376 1514 dantem
395 1444 523 1533 fuisse,
543 1465 622 1537 quae
639 1443 787 1514 Athenis
803 1444 981 1530 aemulari,
999 1444 1215 1536 paribusque
1229 1465 1349 1537 sump-

234 1567 327 1638 tibus
348 1568 565 1661 epheborum
587 1569 774 1661 eoitegium
795 1544 991 1640 instaurare
1013 1569 1176 1639 valuerit.

281 1693 332 1763 De
348 1693 609 1784 magistratibus
626 1705 660 1765 et
678 1694 847 1764 ministris
861 1694 1042 1787 disputare
1057 1695 1228 1786 aggressi,
1240 1717 1349 1788 quum

234 1818 402 1890 nonnuha
419 1818 536 1890 adbuo
552 1819 683 1890 ineerta
702 1818 877 1908 haereant,
895 1833 931 1890 et
947 1820 1063 1890 tenuia
1079 1841 1125 1892 ex
1141 1820 1251 1912 titulis
1265 1843 1350 1916 sup·

235 1953 356 2037 petant
373 1944 607 2033 documenta,
632 1944 852 2038 suscepimus
872 1944 1050 2039 inquirere
1072 1970 1080 2014 :

287 2067 323 2136 i⁰
340 2066 433 2152 Quid
460 2068 505 2139 de
529 2069 790 2161 magistratibus
810 2069 989 2163 ephebieis
1008 2092 1088 2170 oum
1109 2073 1213 2144 attica
1233 2084 1269 2144 et
1288 2095 1351 2145 ex·

240 2204 314 2264 tera
335 2193 483 2288 ephebia
503 2195 749 2266 communibus
765 2197 993 2268 commentari
1010 2218 1204 2288 queamus3

286 2315 324 2390 2⁰
343 2317 491 2401 Quinam
514 2320 663 2411 suerint,
682 2323 717 2391 in
732 2343 874 2415 quaque
887 2322 1051 2414 civitate,
1071 2324 1265 2418 peculiares
1280 2348 1354 2399 ma·

238 2444 405 2536 gistratus
422 2446 479 2515 vel
501 2447 664 2518 ministri.

174 2609 177 2618 ·
286 2567 544 2664 Ephebieorum
566 2572 832 2663 magistratuum
854 2573 993 2646 nomina
1015 2585 1050 2647 et
1067 2573 1181 2648 officia
1199 2576 1356 2670 singilla-

238 2692 301 2763 tim
328 2696 564 2786 cngnoscendi
591 2697 842 2790 amplissimam
869 2699 970 2770 nohis
990 2701 1126 2793 copiam
1153 2703 1284 2774 faciunt
1302 2705 1355 2774 in-

238 2817 585 2911 scriptionesattieae.
596 2819 682 2904 Quae
694 2845 969 2895 commemorare
973 2825 1126 2916 juvabit,
1138 2849 1208 2920 qun
1220 2829 1356 2901 facilius
1373 2805 1380 2808 ³

240 2941 449 3036 indagemus
474 2957 649 3038 quatenus
679 2948 714 3018 in
741 2950 890 3042 ephebia
918 2961 1040 3022 extera
1068 2952 1300 3045 reperiantur.
1329 2955 1356 3026 li

239 3079 323 3140 sunt
341 3069 434 3140 enirn
454 3071 677 3164 magistratus
697 3074 902 3152 etministri
922 3077 983 3168 qui
1004 3099 1115 3168 usqne
1135 3079 1180 3150 ad
1202 3102 1357 3154 romanae

240 3191 491 3266 dominationis
521 3206 698 3290 tempora,
728 3209 845 3291 partes
866 3199 1002 3292 aliquas
1022 3201 1057 3270 in
1077 3202 1183 3276 attico
1209 3205 1358 3296 collegio

240 3328 362 3410 agunt.
987 3351 990 3356 ·

388 3449 545 3542 ansperti<
660 3433 664 3441 ⁸

386 3563 588 3666 nardorpissac
659 3547 663 3555 Ι

388 3697 569 3792 ὁπλομάχος

388 3821 571 3902 ἀκοντιστής

388 3929 519 4027 τοξότηξ

390 4067 501 4164 viperae

389 4199 670 4295 καταπαλταφέτης

391 4327 586 4418 γραμματεύς

391 4449 535 4544 irrepebat
