3492 5404
331 631 337 642 '
427 625 582 698 vicissim
603 623 862 719 epbebarchum
887 633 923 694 et
948 621 1254 717 gymnasiarchum
1278 619 1456 694 exstitisse
1476 619 1543 690 de·

429 760 624 824 monstrant
646 747 714 846 (l).
750 748 887 819 Diutius
913 748 947 818 lo
974 747 1064 818 banc
1088 746 1410 840 interpretationem
1436 745 1543 816 resel-

430 876 569 948 leudam
598 875 885 962 commemorari,
913 894 1213 967 supervacaneum
1239 893 1325 942 sane
1349 870 1543 942 videbitur.

429 1001 528 1072 Nunc
549 1000 793 1072 disserendum
815 1014 867 1070 est
887 1009 1002 1069 utrum
1026 997 1148 1082 titulus
1168 993 1339 1093 ἐφήῧαρχος
1356 996 1456 1082 ,ἰάσω
1483 1017 1548 1067 va-

430 1124 500 1197 leat
517 1136 623 1218 atque
640 1121 826 1221 ἀρχέφηὲος,
847 1135 881 1195 et
898 1123 1066 1195 honorem
1086 1122 1274 1216 quemdam
1294 1119 1480 1214 significet,
1499 1141 1544 1190 ao
1611 1111 1614 1116 ’

431 1250 550 1344 potius
572 1250 708 1320 muneri
730 1249 894 1344 peculiari
917 1247 1142 1340 respondeat.
1164 1247 1324 1338 Magnam
1346 1246 1416 1317 vim
1441 1267 1546 1337 argu·

432 1385 632 1448 mentorum
661 1375 862 1469 suppeditat
888 1373 1010 1444 titulus
1029 1372 1247 1444 Colossarum
1276 1369 1332 1467 (2)
1355 1391 1460 1465 supra
1484 1391 1547 1441 no·

434 1506 547 1586 latus,
568 1519 639 1597 quo
657 1519 767 1568 curtos
785 1479 940 1566 bonorum
959 1497 1025 1567 viri
1045 1497 1228 1588 cujusdam
1248 1495 1470 1566 describitur.
1488 1493 1550 1564 Vir

433 1610 554 1694 noster
578 1619 747 1718 ἐφήὸαρχος
770 1623 922 1712 exstitit3
951 1619 1012 1693 sed
1036 1623 1191 1693 muueris
1211 1622 1304 1692 illios
1326 1620 1457 1692 mentio
1478 1639 1548 1691 nou

434 1747 536 1819 initio
558 1748 646 1820 sucta
670 1758 744 1834 est,
766 1747 1064 1840 quemadmodum
1086 1747 1131 1818 de
1151 1741 1312 1842 ἀρχέφηὲῳ
1341 1744 1414 1816 lieri
1436 1744 1547 1832 solet;

436 1873 544 1944 immo
571 1883 674 1944 antea
702 1872 803 1964 longa
829 1873 1095 1966 magistratuum
1124 1873 1233 1946 series
1260 1869 1481 1965 producitur,
1502 1869 1550 1940 ita

435 2009 474 2070 ut
491 1997 685 2072 secundum
709 2007 914 2090 sequentem
944 1998 1103 2069 ordinem
1130 1997 1303 2069 honorum
1330 1994 1549 2068 enumeratio

435 2123 604 2218 disposita
619 2134 807 2218 appareat:
823 2128 1076 2220 «στρατηγήσας,
1093 2126 1377 2219 ἀγορανομῆσας,...
1396 2125 1476 2201 αἴσας
1488 2118 1549 2214 (3),

437 2252 668 2345 βουλαρχῆσας,
686 2252 937 2345 popponem,
964 2253 1145 2344 ταμιεύσας,
1168 2244 1398 2343 ἐφηὸαρχῆσας,
1420 2247 1552 2342 εἰρηναρ-

436 2378 555 2470 χήσας,
573 2379 844 2470 νομοφυλακῆσας,
862 2407 874 2432 υ
892 2375 987 2466 quod
1003 2374 1033 2444 si
1049 2372 1292 2467 ephebarchus
1308 2372 1432 2442 luisset
1447 2369 1553 2464 ephe·

399 2593 402 2598 ἡ
436 2499 507 2571 biae
527 2510 703 2593 tempore,
730 2500 808 2591 quis
828 2500 960 2592 estqui
982 2521 1050 2571 nou
1072 2499 1192 2570 videat
1211 2499 1316 2590 hujus
1341 2496 1432 2568 tituli
1455 2517 1551 2567 meu-

439 2621 569 2694 tiouem
588 2623 700 2716 primo
720 2633 814 2694 certe
832 2623 909 2695 luco
927 2624 1183 2696 inscribendam
1204 2623 1334 2694 luisset

486 2746 646 2818 Ceterum
661 2747 748 2819 alios
761 2748 865 2819 etium
884 2748 1017 2820 iudices
1035 2748 1301 2843 deprehendere
1320 2749 1356 2818 iu
1377 2747 1552 2841 lapidibus

438 2871 537 2963 licet,
558 2875 707 2966 quorum
731 2873 930 2946 testimonio
948 2875 1047 2963 freti,
1068 2874 1329 2968 ephobarcbum
1351 2895 1420 2946 uon
1443 2871 1549 2967 ephe·

438 2997 563 3070 borum
578 2999 788 3093 principem,
808 3000 871 3071 sed
887 3001 1127 3094 magistratum
1144 3001 1251 3072 luisse
1265 3000 1547 3094 comprobemus

439 3121 477 3194 lu
497 3123 599 3195 titulo
621 3123 679 3193 Tei
710 3125 861 3195 civitatis
880 3121 961 3222 (l),
989 3125 1140 3220 ephebi,
1170 3127 1323 3216 juvenes
1356 3121 1483 3220 (νέοι),
1518 3134 1553 3194 et

440 3267 562 3320 omnes
581 3249 641 3342 qui
660 3249 695 3319 in
716 3251 898 3350 gymnasio
914 3262 1138 3339 exercentur,
1157 3251 1309 3323 bonores
1326 3248 1549 3344 ephebarcbo

442 3385 583 3467 propter
592 3374 711 3446 munia
724 3374 815 3446 bene
829 3365 926 3468 gesta
939 3376 1135 3448 decernunt
1148 3372 1416 3472 (ἐφηὸαρχῆσαντα
1428 3371 1553 3466 καλῶς).

440 3496 564 3569 Dicant
580 3499 713 3570 scilicet
731 3522 839 3594 quum
859 3523 1025 3592 coronas,
1045 3512 1117 3572 tum
1135 3511 1268 3572 statuas
1287 3501 1457 3594 insigues,
1476 3498 1554 3570 sive

441 3643 586 3715 aurens,
606 3625 683 3698 sive
704 3647 929 3698 marmoreas.
948 3624 1048 3699 Tales
1065 3640 1160 3700 certe
1177 3626 1328 3700 bonores
1346 3626 1463 3698 miuus
1479 3646 1551 3698 mo·

473 3931 507 3999 (l)
526 3925 594 3986 llide
610 3938 717 3991 tltulum
730 3933 853 3988 rhodium
866 3940 874 4002 (
883 3935 963 4001 lloss,
979 3935 1030 3990 loc.
1045 3937 1119 4005 cit.);
1142 3952 1330 4005 pergamenum
1341 3943 1350 4004 (
1360 3935 1483 3995 Gurtlus.
1507 3941 1559 3990 loc.

443 4021 489 4074 cit.
498 4024 525 4087 )‚
540 4030 566 4075 et
579 4040 670 4089 quem,
686 4027 714 4077 in
729 4027 812 4078 Icaria
825 4029 912 4078 insule
926 4033 1074 4092 repertum.
1089 4028 1122 4078 ad
1141 4030 1242 4080 calcem
1259 4036 1359 4082 nustrae
1373 4013 1570 4095 disputationis*

445 4109 606 4166 distulimus.

475 4202 510 4266 (2)
527 4203 563 4254 Le
576 4203 628 4254 Bas
641 4211 668 4254 et
681 4203 880 4270 Waddiugton.
896 4215 925 4256 12⁰
943 4206 1000 4258 1693
1015 4212 1039 4259 b.

477 4290 510 4356 (³)
528 4291 580 4344 llic
593 4295 762 4358 magistratus
776 4296 821 4358 qui
835 4296 926 4355 fuerit,
941 4311 975 4348 ex
987 4299 1064 4348 titulo
1078 4299 1142 4350 laeso
1155 4313 1209 4350 non
1223 4303 1303 4366 patet.

476 4380 511 4444 (4)
528 4384 624 4448 Corpus
635 4385 713 4435 inter.
725 4397 808 4449 prun,
822 4393 852 4435 u⁰
866 4385 936 4436 3085.
