3492 5404
804 581 810 591 ,
904 503 1064 565 -66-

425 656 492 730 pus
509 635 735 731 amplissimis
754 638 857 711 donis
882 648 918 710 et
943 638 1189 734 largitionibus
1210 641 1451 715 illustraverit.
1477 644 1542 716 De·

424 770 521 835 creto
536 762 681 854 jubetur
697 784 824 859 corpus
843 763 1015 838 Labeonis
1035 767 1071 837 in
1091 767 1313 862 gymnasium
1334 768 1380 839 ab
1396 769 1543 863 ephebis

425 896 460 959 et
474 888 669 978 juvenibus
689 886 782 986 (νέοι)
801 891 997 981 introferri,
1025 901 1061 964 et
1086 913 1192 980 aurea
1218 915 1348 966 corona
1367 894 1540 967 decorari

422 1012 499 1086 Non
517 1013 552 1084 in
578 1035 648 1086 una
673 1015 787 1088 solum
812 1016 955 1089 civitate
978 1016 1074 1089 hunc
1098 1040 1199 1089 usum
1230 1029 1409 1113 receptum
1429 1020 1542 1092 luisse

427 1139 739 1234 deprehendimus.
777 1141 916 1214 Similes
952 1143 1045 1214 enim
1079 1143 1233 1217 honoros
1266 1167 1375 1238 quum
1411 1145 1542 1218 Herodi

426 1263 564 1354 Attico,
595 1276 667 1337 tum
693 1265 860 1338 Castricio
879 1267 1017 1338 cuidam
1043 1268 1190 1340 mortuis
1215 1268 1452 1340 decernuntur
1469 1271 1540 1360 (l);

425 1412 577 1485 quornm
599 1391 657 1464 ille
676 1391 720 1464 ab
740 1391 887 1487 ephebis
909 1393 1045 1477 atticis,
1067 1391 1125 1464 hic
1143 1414 1162 1463 a
1181 1394 1388 1488 smyrnaeeis
1413 1395 1544 1489 pariter

426 1515 596 1588 teruntur.
613 1516 677 1588 llis
699 1516 864 1588 laudibus
883 1516 969 1588 nibil
995 1517 1169 1609 insignius
1194 1517 1339 1611 reperiri
1360 1519 1539 1613 potuisse,

425 1663 472 1716 ex
491 1642 568 1737 ipso
585 1642 763 1715 Ciceronis
781 1642 982 1715 testimonio
1001 1644 1258 1738 comperimus;
1278 1645 1442 1736 quamuis
1461 1644 1542 1713 Tul·

424 1767 492 1840 lius
519 1768 663 1840 irrideat
686 1767 909 1855 Castricium,
936 1768 1050 1839 virum
1075 1788 1162 1840 sane
1188 1768 1405 1861 ignobilem,
1436 1789 1541 1862 quem

424 1893 623 1988 Smyrnaei,
657 1892 826 1965 adulandi
859 1893 984 1966 insano
1015 1893 1142 1966 ardore
1164 1893 1265 1982 elati,
1306 1919 1323 1961 u
1344 1895 1453 1966 decus
1485 1916 1545 1988 pa-

426 2019 529 2107 triar,
557 2027 800 2091 ornamentum
827 2018 947 2113 populi
974 2018 1127 2105 romani,
1163 2017 1283 2090 liorem
1301 2019 1500 2110 juventutis
1525 2046 1543 2088 o

424 2144 668 2239 appellavere,
699 2154 847 2239 apparet
868 2153 983 2216 tamen
1003 2165 1160 2217 summos
1178 2145 1211 2217 ei
1230 2145 1406 2233 honores,
1433 2144 1544 2217 advo-

423 2269 510 2340 catis
529 2268 697 2364 ephebis,
719 2268 899 2341 civitatem
921 2270 1075 2341 tribuere
1096 2270 1264 2342 voluisse.

473 2394 616 2465 Necnon
638 2393 766 2486 ephebi
786 2395 926 2488 propria
946 2415 1044 2466 sacru
1065 2404 1100 2466 et
1119 2395 1314 2489 peculiares
1334 2395 1423 2467 ritus
1443 2417 1545 2490 pera-

426 2527 527 2610 gunt.
549 2516 588 2587 ln
609 2518 696 2589 urbe
715 2518 804 2613 Teo,
826 2518 1009 2591 Herculem
1031 2529 1067 2591 et
1085 2519 1202 2590 Musas
1227 2519 1396 2612 singulari
1416 2520 1546 2614 pietate

425 2650 653 2730 uenerantur,
675 2642 723 2713 ita
747 2652 786 2712 ut
802 2642 845 2713 iis
864 2663 964 2714 sacra
987 2643 1101 2714 lacere
1120 2641 1297 2736 ephebum
1315 2642 1545 2715 victoriano·

424 2765 600 2839 bilitatum
623 2767 659 2838 in
679 2789 780 2838 usum
803 2767 940 2840 venerit
958 2765 1029 2862 (2).
1054 2767 1122 2838 Alii
1142 2767 1187 2838 ab
1207 2767 1286 2840 aliis
1305 2767 1361 2839 dei
1379 2768 1547 2839 excolun-

426 2903 495 2966 tur.
520 2891 655 2965 Etenim
676 2892 829 2987 Spartae,
851 2905 934 2964 ante
959 2913 1063 2986 quarn
1089 2893 1124 2964 in
1147 2892 1369 2964 Platanistarn
1398 2891 1491 2964 inter
1509 2913 1548 2963 se

426 3017 588 3090 luctaturi
610 3028 755 3104 coeant,
780 3018 853 3090 lovi
873 3016 1020 3112 linyalio
1042 3019 1077 3087 in
1095 3018 1261 3091 Phoehaeo
1279 3017 1434 3090 catulum
1453 3037 1547 3087 mao-

427 3153 500 3215 tant
525 3143 653 3237 ephebi
676 3141 745 3240 (3).
774 3143 885 3215 Noctu
912 3154 1022 3235 agunt
1050 3163 1169 3231 sacra3
1202 3153 1343 3237 postea,
1372 3141 1409 3212 in
1445 3141 1548 3213 binas

427 3276 543 3361 partes
560 3266 757 3355 distributi,
789 3289 913 3361 porcos
933 3266 1027 3342 inter
1051 3286 1091 3338 se
1118 3266 1289 3339 dimicare
1312 3277 1463 3360 cogunt,
1495 3286 1547 3338 eae

455 3523 490 3587 (l)
504 3521 573 3574 Vide
583 3520 662 3574 Vidal
675 3521 813 3584 Lablaohe,
828 3523 924 3572 ilbodo
936 3521 1042 3583 dulcor,
1053 3536 1079 3585 p.
1096 3519 1149 3571 160.
1160 3519 1259 3580 Cicero.
1272 3533 1320 3585 pro
1329 3518 1428 3580 Flacco,
1443 3517 1547 3575 XXXI.

425 3612 456 3662 75
470 3633 476 3662 z
491 3630 504 3659 c
517 3611 621 3664 Vellem
635 3616 737 3664 tantum
751 3614 846 3662 habere
859 3613 919 3668 otii,
934 3615 965 3661 ut
979 3625 1083 3676 possem
1097 3612 1209 3661 recitare
1223 3609 1374 3675 psephisma
1389 3608 1546 3672 Smyrnaeo·

424 3715 497 3755 rum.
514 3703 583 3766 qnod
597 3703 717 3754 fecerunt
731 3703 760 3752 in
773 3699 932 3752 Castricium
946 3705 1095 3762 mortuum,
1110 3701 1225 3764 primum
1240 3702 1268 3748 ut
1284 3700 1313 3748 in
1325 3699 1452 3762 oppidum
1467 3698 1551 3746 intro·

426 3791 555 3848 ferretur.
571 3792 640 3857 qnod
652 3792 711 3842 aliis
720 3789 777 3842 'non
791 3791 960 3849 conceditur;
979 3791 1075 3842 deinde
1092 3801 1121 3840 nt
1135 3791 1237 3840 ferrent
1251 3788 1357 3852 ephebi,
1373 3791 1507 3851 postremo
1520 3788 1550 3836 ul

425 3879 606 3945 imponeretur
619 3895 699 3932 aurea
713 3894 812 3932 corona
824 3885 938 3931 mortuo.
953 3898 966 3926 a

458 3969 492 4034 (l)
508 3972 605 4036 Corpus
619 3971 698 4022 inser.
711 3984 800 4034 proc,
814 3979 842 4020 n⁰
853 3968 925 4021 2214.
938 3967 985 4019 Tei
995 3969 1066 4020 enim
1078 3967 1182 4018 exstitit
1192 3966 1286 4016 hieron
1296 3964 1430 4016 Mercurio
1440 3961 1551 4015 Herculi

425 4064 452 4110 et
466 4059 550 4122 Musis
565 4073 681 4111 sacrum.
697 4058 793 4111 Confer
807 4060 881 4118 inid„
893 4068 923 4110 n⁰
934 4058 1007 4111 3059.
1020 4056 1089 4109 Vide
1102 4058 1182 4108 etiam
1196 4048 1370 4113 Pausaniam,
1384 4053 1549 4114 v111‚³t,2.

456 4149 493 4213 (³)
509 4148 669 4210 Pausanias,
683 4150 810 4210 turonio,
827 4147 881 4207 ΙΙΙ,
897 4148 936 4210 ll,
948 4149 971 4199 8.
987 4145 1105 4198 Delove
1119 4146 1250 4211 Enyalio,
1265 4144 1377 4196 ahlarte
1387 4143 1458 4194 haud
1469 4141 1551 4192 dissi-

426 4239 499 4296 mili.
514 4239 576 4290 vide
588 4237 620 4291 Ο.
634 4238 738 4297 Mdller,
751 4238 894 4296 Hucdbuclr
908 4239 953 4287 dor
966 4237 1144 4298 Arrhdolopr'e,
1160 4234 1226 4297 568.
1240 4233 1359 4286 Gerbard
1371 4271 1377 4291 ‚
1391 4229 1552 4286 driechr'rrltr

426 4327 586 4392 luctataque,
608 4343 635 4392 p.
657 4327 717 4390 368,
742 4329 754 4392 ἕ
772 4326 818 4378 347
830 4341 854 4378 c.
874 4327 917 4376 Ab
934 4326 1023 4377 atticis
1039 4326 1147 4390 ephebis
1160 4325 1259 4390 pariter
1270 4325 1430 4375 colabantur
1443 4319 1513 4370 Mara
1525 4322 1552 4370 et

425 4414 532 4481 Jupiter
547 4415 684 4482 Enyalios.
699 4416 768 4469 Vide
782 4416 983 4479 Schneidewin,
998 4414 1157 4480 l’lu'lclopttr,
1172 4413 1201 4471 t,
1214 4411 1269 4465 455.
