3492 5404
709 465 866 530 ..43-

228 600 357 689 instar,
376 601 438 672 sed
458 601 679 695 perlongum
701 603 868 696 temporis
887 612 1043 676 tenorem
1063 603 1254 676 curavisse.
1271 604 1345 677 Pae·

228 725 377 824 dptribae
411 748 536 798 nomen
567 738 603 798 et
629 749 758 800 monus
787 728 822 799 in
854 728 1040 821 peregrina
1069 727 1218 821 ephebia
1248 729 1343 802 idem

228 850 347 922 valere
371 860 477 944 atque
502 851 536 921 in
561 852 686 942 attica,
713 874 783 925 oon
807 851 1062 947 profitebimur.
1088 852 1203 937 Quum
1222 864 1344 928 extera

225 976 372 1068 collegia
397 977 581 1070 pauciores
604 999 690 1050 sane
719 979 898 1051 ministros
919 978 1202 1069 numeraverint,
1227 980 1343 1075 suspi-

226 1103 297 1184 cari
321 1102 422 1174 nobis
450 1103 563 1196 piacet
589 1103 704 1197 ipsum
732 1103 962 1199 paedotribam
991 1105 1343 1199 remgymnesticam
1378 1189 1380 1194 ,

232 1225 388 1321 ephebos
402 1227 578 1300 docuisse.
593 1226 696 1299 Adde
710 1230 804 1320 quod
820 1240 920 1300 extra
935 1229 1120 1323 ephebiam
1139 1229 1345 1324 paedotribae

226 1352 461 1442 exstiterunt,
486 1353 567 1446 qui,
595 1375 718 1425 revera
739 1354 895 1447 magistri
916 1356 1108 1448 paiaestrae,
1137 1377 1266 1449 pueros
1289 1355 1343 1426 iu-

223 1478 427 1549 stituebaut.
465 1479 513 1548 lta
545 1472 746 1574 παιδοτρίῧης
779 1487 968 1573 puerorum
1002 1479 1110 1550 fuisse
1143 1489 1256 1573 potest
1287 1481 1344 1553 hic

226 1614 347 1677 noster
361 1603 605 1696 lampsacenus
621 1602 793 1693 minister,
809 1627 914 1698 quem
931 1627 1035 1699 supra
1053 1606 1339 1678 memoravimus.

269 1724 470 1808 Διδάσκαλος.
491 1729 592 1799 Hunc
608 1729 771 1821 designat
788 1730 908 1801 titulus
924 1730 1103 1818 Laconia,
1123 1732 1223 1822 cujus
1240 1732 1343 1804 lectio

221 1876 290 1927 nou
309 1855 417 1925 claret
436 1851 505 1948 (1).
527 1853 625 1945 Legit
645 1855 739 1925 enim
759 1855 951 1927 Fourmoot
967 1895 1012 1908 —
1029 1843 1340 1946 {Kanoiailjslmss

219 1981 334 2053 Leake
348 1993 465 2053 autem
484 1985 959 2069 lssssllsrauanomnullliilll;
982 2001 1086 2072 quam
1108 1981 1235 2053 lineam
1253 1981 1341 2052 omi·

219 2106 264 2176 sit
286 2108 331 2176 Le
349 2107 427 2178 an.
452 2107 503 2178 Ex
524 2107 701 2179 indicibus
722 2103 812 2176 adeo
828 2105 1011 2196 obscuris,
1034 2104 1127 2176 baud
1146 2105 1227 2176 licet
1245 2127 1341 2178 asse·

220 2251 299 2302 rere
317 2225 504 2301 διδάσκαλον
520 2233 660 2326 Spartae
676 2231 767 2300 inter
782 2230 1006 2321 magistratus
1022 2229 1211 2322 ephebioos
1226 2230 1340 2302 locum

217 2355 427 2428 obtinuisse.
447 2357 629 2448 Conjicere
651 2356 813 2426 valemus
832 2355 1022 2448 Spartanos
1042 2353 1137 2424 bunc
1158 2354 1339 2446 magistra-

217 2491 290 2550 tum
323 2481 516 2552 instituisse
548 2502 705 2554 romanae
734 2479 988 2552 dominationis
1020 2489 1200 2573 tempore,
1229 2501 1337 2572 quum

215 2606 357 2698 antiqua
382 2606 531 2700 Lycurgi
553 2606 597 2677 de
618 2605 813 2677 educandis
837 2604 957 2699 pueris
979 2603 1160 2698 instituta,
1182 2603 1254 2695 jam
1276 2604 1338 2676 ob·

215 2731 346 2820 soleta,
369 2741 528 2824 repetere
548 2731 746 2802 studerent.
765 2731 813 2800 lta
830 2725 1018 2808 διδάσκαλος
1036 2727 1132 2798 baud
1157 2727 1337 2800 dissimilis

214 2856 339 2926 suisset
352 2856 396 2926 ab
411 2856 480 2926 illis
498 2855 774 2949 praeceptoribus
789 2854 849 2946 qui
870 2875 998 2946 pueros
1015 2853 1110 2944 leges
1127 2863 1162 2924 et
1177 2854 1336 2925 instituta

214 2979 361 3074 Lycurgi
384 2980 570 3062 docebant,
593 2979 726 3050 scilieet
743 2975 888 3074 ἐξηγηταὶ
905 2988 965 3047 τῶν
986 2978 1189 3073 Λυκουργείων
1206 2973 1264 3074 (2)
1278 2977 1335 3049 vel

214 3099 348 3174 σύνδικοι
369 3105 418 3173 ἐπὶ
436 3104 478 3174 τὰ
497 3108 683 3200 Λυκούργεια
712 3106 761 3178 ἔθη
786 3099 855 3198 (3).
879 3100 1031 3172 Aliunde
1050 3101 1154 3172 etiam
1176 3102 1336 3174 novimus

214 3223 419 3316 bauduinum,
441 3231 542 3321 cujus
564 3228 695 3299 mentio
715 3228 803 3298 sacta
822 3236 875 3298 est
894 3226 928 3294 in
952 3225 1053 3296 tituto
1072 3226 1166 3317 apud
1186 3224 1334 3318 Byblom

213 3364 354 3444 reperto
373 3350 441 3448 (1).
464 3352 555 3437 Quid
573 3353 667 3444 quod
691 3352 812 3422 titulus
833 3349 991 3421 funebris
1012 3350 1126 3443 pictus
1144 3349 1178 3418 in
1197 3349 1331 3443 tepide,

215 3477 419 3569 nuperrime
442 3476 535 3570 apud
560 3476 725 3569 Berytum
753 3476 921 3546 inventus
946 3472 1003 3569 (5)
1028 3484 1199 3544 memorat
1218 3474 1333 3544 virum

213 3602 403 3694 quemdam
424 3601 523 3693 quasi
544 3595 754 3670 rrcrdadcuvrc
773 3598 926 3694 ipddooc‘?

243 3855 280 3920 (1)
296 3855 332 3906 Ire
346 3855 414 3911 Bas.
434 3859 503 3919 part.
519 3854 561 3918 11,
575 3862 605 3903 n⁰
623 3853 674 3904 176.

242 3945 278 4008 (1)
296 3947 393 4010 Corpus
405 3944 483 3994 inser.
496 3957 579 4007 proc„
595 3952 624 3992 n⁰
640 3942 700 3994 1361
713 3946 738 3993 b.

242 4035 277 4099 (3)
297 4036 394 4099 Corpus
408 4033 487 4083 inser.
504 4047 589 4096 praa..
604 4041 635 4082 n⁰
651 4030 726 4092 iaia,
744 4033 762 4081 1.
782 4031 823 4094 11,
841 4031 877 4082 11.

242 4123 275 4188 (1)
293 4124 449 4190 Σαραπίωνος
465 4125 613 4175 διδασκάλου
629 4125 731 4188 debbora.
758 4121 864 4182 Renan,
892 4121 999 4171 Hierion
1019 4121 1049 4171 de
1069 4120 1206 4178 Pharnacis.
1228 4133 1254 4184 p.
1279 4115 1332 4169 ¹84.

213 4213 359 4277 campapne
371 4213 402 4263 dc
414 4211 513 4276 Byblos.

241 4301 277 4365 (5)
293 4300 324 4352 G.
342 4301 448 4358 Perrot,
473 4303 555 4351 Revuc
577 4301 784 4364 orcbcotopiquc,
812 4299 870 4350 1877
895 4300 1035 4364 (ianvrer).
1059 4297 1229 4365 inscriptions
1249 4295 1334 4348 d'Ast'c

153 4429 156 4436 .
213 4389 327 4440 uincere
343 4397 366 4440 ct
379 4391 410 4441 dc
424 4391 515 4455 Syria,
533 4398 564 4439 u⁰
577 4389 601 4438 9.
