3492 5404
698 507 858 586 ..25-

217 639 371 738 inspicit,
389 651 424 713 et
441 641 580 735 collegii
598 663 712 714 mores
731 642 872 736 propria
893 641 1100 714 auctoritate
1120 642 1335 718 moderatur.

216 764 339 859 Populi
360 775 395 838 et
423 752 569 838 senatus
596 766 729 838 mentio
761 787 1011 858 nonnunquam
1039 766 1074 836 in
1095 767 1202 837 titulis
1224 768 1336 858 iacta,

215 887 313 960 haud
339 890 537 962 eluctandis
565 891 784 983 argumentis
812 892 1018 984 comprobat
1045 891 1222 962 civitatem
1247 893 1336 964 invi-

216 1013 327 1107 gilare
356 1026 393 1087 ut
420 1016 539 1086 omnia
566 1039 611 1087 ex
640 1017 779 1107 legibus
807 1029 841 1087 et
867 1017 1017 1087 decretis
1049 1015 1145 1087 fiant.
1172 1019 1210 1086 in
1237 1018 1338 1089 titulo

215 1139 311 1236 apud
327 1140 443 1212 vicum
461 1141 592 1212 dictum
611 1141 841 1212 Kilissd-Keu‘r'
862 1152 999 1234 reperto
1015 1139 1084 1236 (i),
1097 1153 1132 1212 et
1148 1143 1191 1212 ad
1214 1141 1335 1214 urbem

215 1262 345 1335 Elaiam
362 1266 562 1355 referendo,
580 1266 729 1361 populus
747 1289 826 1338 oum
842 1267 1009 1338 ministris
1020 1267 1157 1358 collegii
1174 1279 1209 1338 et
1228 1268 1336 1361 ephe·

214 1389 271 1461 bis
290 1412 403 1485 nuper
422 1391 601 1487 inscriptis
622 1404 849 1465 memoratur.
870 1393 909 1464 In
925 1393 1073 1484 collegio
1090 1393 1244 1480 Edessae,
1262 1395 1337 1486 ipse

214 1526 358 1586 senatus
375 1517 531 1607 juvenes
549 1519 642 1590 inter
660 1517 877 1612 epheborum
899 1517 1041 1588 ordines
1059 1516 1195 1587 admitti
1212 1537 1336 1588 curare

214 1639 344 1711 dicitur
362 1637 433 1738 (2).
455 1642 629 1715 Tenniora
652 1665 739 1714 sane
756 1643 885 1714 indicia
906 1642 1117 1736 elapidibus
1135 1641 1333 1734 deprehen·

214 1764 331 1836 dimus
351 1787 458 1859 quam
483 1778 521 1838 nt
540 1768 643 1862 piane
663 1769 905 1840 describamus
924 1789 1004 1860 quae
1024 1767 1153 1837 suerint
1173 1768 1207 1836 in
1228 1767 1335 1838 colie-

213 1891 272 1982 gio
294 1892 575 1967 administrando
598 1907 742 1966 senatus
762 1894 815 1966 vel
838 1894 957 1988 popuii
982 1904 1110 1987 partes.
1132 1893 1205 1963 Hoc
1227 1914 1335 1962 unum

212 2029 374 2090 constare
393 2020 556 2090 volumus
579 2045 586 2089 :
607 2021 652 2092 de
672 2019 821 2113 ephebia
842 2020 1109 2112 rempublicam,
1132 2019 1166 2088 in
1192 2039 1335 2112 quaque

212 2143 375 2231 civitate,
399 2145 668 2238 diligentissime
687 2168 832 2234 curare,
852 2156 887 2217 et
905 2167 1011 2239 penes
1031 2145 1196 2239 populum
1218 2165 1259 2214 ao
1278 2165 1335 2214 se-

213 2280 336 2342 natum
362 2271 550 2342 maximam
583 2272 824 2344 auctoritatem
838 2326 848 2363 ,
866 2271 961 2364 quod
990 2272 1035 2342 ad
1065 2292 1120 2342 res
1145 2269 1334 2365 ephebicas

215 2405 362 2490 spectat,
385 2396 554 2467 residere.

262 2520 474 2611 Quotannis‚
503 2523 598 2617 apud
631 2521 886 2611 Athenienses,
910 2531 1035 2594 exacto
1061 2521 1221 2615 ephebiae
1244 2530 1333 2591 tem-

212 2668 321 2740 pore,
351 2646 505 2720 rationes
535 2648 673 2740 collegii
705 2670 723 2718 a
757 2648 1018 2739 magistratibus
1050 2659 1131 2718 ante
1163 2649 1332 2741 poputum

211 2771 334 2859 reddi,
356 2781 391 2842 et
410 2783 552 2860 contra,
575 2794 621 2843 ex
641 2773 970 2860 senatusconsulto,
993 2773 1129 2842 laudari
1149 2772 1333 2863 magistra·

210 2904 285 2985 tus,
307 2918 414 2968 aurea
431 2919 561 2969 corona
590 2898 771 2992 ephebos,
803 2897 988 2969 frondibus
1014 2898 1119 2969 olivae
1148 2899 1332 2988 magishos

208 3021 380 3111 decorari,
404 3033 599 3095 memorant
618 3021 766 3094 Athenis
792 3044 904 3115 nuper
919 3024 1037 3094 effossi
1060 3023 1208 3116 lapides.
1231 3023 1332 3092 Nulla

208 3145 289 3216 iicet
308 3145 552 3238 hujuscemodi
568 3147 708 3217 decreta
728 3147 772 3217 ad
800 3158 941 3218 exteras
964 3147 1134 3239 ephebiae
1154 3147 1331 3240 pertinen·

208 3269 255 3341 tia
284 3272 329 3342 ad
354 3293 418 3344 nos
444 3272 697 3366 pervenerint,
720 3273 838 3365 procui
869 3294 888 3342 a
913 3272 1022 3342 dnbio
1047 3273 1332 3344 sanevidebitur

207 3395 291 3467 talia
309 3397 488 3468 exstitisse
503 3394 572 3493 (3).
595 3397 728 3491 Nempe
746 3397 906 3490 ephebiae
927 3397 1085 3469 moribus
1106 3408 1141 3468 et
1161 3397 1330 3469 institutis

238 3625 273 3691 (i)
288 3623 357 3677 Vide
369 3626 556 3692 appendicem,
581 3634 611 3676 n⁰
625 3626 650 3678 2.
675 3626 701 3678 ‘0
716 3629 809 3692 δῆμος·
825 3632 848 3681 οἱ
865 3630 997 3682 παιδευταὶ
1011 3645 1017 3658 ·
1033 3630 1055 3679 οἱ
1070 3628 1217 3692 ἐνκριθέντες
1233 3629 1266 3684 εἰς
1276 3628 1331 3685 τοὺς

207 3717 319 3782 lebbona.

236 3805 271 3871 (ἲ)
292 3807 430 3874 Ἀπογραφὴ
443 3807 537 3870 ichemu
554 3810 605 3856 τῶν
621 3807 837 3872 ἐφηὸενσάντων...
853 3809 918 3860 κατὰ
932 3809 961 3860 τὸ
973 3809 1055 3874 δόγμα
1067 3815 1108 3870 τῆς
1122 3809 1217 3872 βουλῆς.
1235 3807 1331 3871 Corpus

184 3962 187 3966 Ι
205 3895 285 3946 iocor.
300 3909 385 3959 proc„
400 3903 429 3944 11⁰
445 3894 504 3945 1997
516 3909 550 3953 c..
567 3899 586 3944 t.
603 3895 638 3945 ΙΙ.

236 3984 271 4050 (3)
287 3983 463 4036 Memoremus
477 3990 566 4035 tamen
582 3986 690 4035 titulum
704 3986 732 4036 iu
747 3989 812 4036 urbe
826 3987 923 4048 sicula,
941 3985 1018 4049 Gela,
1034 3990 1185 4050 repertum,
1204 4000 1256 4049 qno
1270 3986 1330 4035 lan·

205 4073 283 4124 detur
303 4092 319 4124 a
328 4076 426 4139 populo
441 4078 464 4125 et
477 4089 574 4126 corone
584 4081 693 4126 ornatur
702 4077 935 4140 gymnasiarchns,
948 4078 1066 4141 ephebica
1078 4075 1203 4126 videlicet
1215 4088 1328 4140 praeses;

204 4164 365 4228 epheborum
379 4179 474 4228 nempe
488 4166 596 4216 nomina
610 4171 769 4229 sequuntur:

239 4251 265 4304 Ὁ
285 4255 360 4319 δᾶμος
379 4259 429 4306 τῶν
450 4257 551 4320 Γελῴων
570 4257 666 4306 ἐπαινεῖ
690 4256 733 4305 καὶ
751 4259 871 4320 στεφανοῖ
891 4255 934 4306 τὸν
956 4256 1139 4321 γυμνασίαρχον
1171 4253 1328 4321 Ἢρακλείδαν

203 4343 319 4408 Ζωπύρου
332 4344 415 4395 ἐλαίου
426 4344 551 4410 στεφάνῳ,
565 4345 703 4410 ἐπιμελείας
713 4345 795 4395 ἕνεκεν
807 4345 850 4394 καὶ
861 4345 1001 4408 φιλοπονίας
1013 4350 1055 4403 τᾶς
1065 4347 1130 4395 κατὰ
1141 4345 1170 4394 τὸ
1182 4343 1328 4409 γυμνάσιον.

238 4431 339 4498 'Eodem
353 4435 376 4486 ot
391 4436 594 4499 στοφανωθέντις.
615 4435 712 4498 Corpus
726 4433 807 4485 inser.
820 4447 904 4499 prce,
918 4443 948 4486 n⁰
963 4435 1034 4493 5475,
1049 4436 1066 4485 l.
1083 4435 1114 4487 30
1128 4448 1183 4499 seq.
