3492 5404
694 553 735 570 ..
754 519 793 586 35
812 551 855 570 -

212 655 261 726 ris
277 654 484 728 necessitate
498 664 642 742 coaotae,
654 654 784 749 patrias
797 653 894 747 leges
905 652 1086 743 deserunt,
1102 653 1331 749 municipalia
1424 743 1434 764 Ι

212 777 347 869 cilicia,
368 801 487 851 curam
505 779 639 851 seilicet
658 788 694 850 et
712 777 868 871 regimen
889 777 1132 871 epheborum,
1155 777 1279 850 alienis
1299 785 1334 850 et

211 904 344 976 exteris
363 904 626 997 magistratibus
641 903 820 974 tractando
838 902 1042 996 permittere
1057 913 1238 990 recusant3
1255 924 1332 974 mu·

212 1030 291 1116 tatis
320 1029 447 1100 ceteris
472 1029 610 1123 legibus
628 1028 674 1099 ad
702 1027 933 1100 boeotioarum
956 1027 1139 1100 civitatum
1168 1026 1332 1100 imitatio·

210 1174 315 1242 nem,
344 1153 481 1247 integro
508 1164 544 1225 et
567 1151 774 1225 intemerata
800 1162 944 1224 manent
963 1150 1133 1246 ephebica
1152 1151 1330 1240 instituta;

210 1299 328 1371 neque
356 1279 509 1352 certiore
534 1287 742 1372 argumento
769 1277 993 1372 comprobari
1026 1286 1142 1370 potest
1173 1276 1333 1372 civitates

209 1424 344 1496 graeoas
357 1456 367 1493 ,
389 1405 447 1476 vel
473 1405 508 1474 in
530 1404 687 1476 deterius
710 1403 847 1497 lapsas,
870 1401 1088 1475 educandam
1106 1402 1332 1494 juventutem
1351 1490 1354 1497 Ι

209 1530 380 1602 acerrima
401 1529 584 1622 diligentia
606 1528 836 1623 sibimetipsis
856 1549 997 1622 semper
1015 1527 1269 1600 vindicavisse.

259 1653 336 1726 Nou
356 1653 501 1727 omnino
518 1654 662 1726 intense
678 1662 877 1747 congruunt
893 1653 1045 1746 Megarae
1065 1661 1100 1726 et
1118 1651 1333 1746 AEgostbene

211 1779 368 1852 exeundi
388 1779 560 1852 lormulae.
581 1778 869 1870 AEgostbenitana
889 1778 984 1849 enim
1004 1777 1176 1866 lormula,
1194 1772 1282 1848 τοίδε
1302 1773 1334 1858 ἐξ

212 1900 330 1998 ipatius
353 1901 430 2000 (l),
458 1904 615 2000 ephebos
649 1904 781 1976 exiisse
809 1903 1033 1977 solummodo
1061 1911 1328 1976 commemorat.

210 2027 362 2123 Megarae
381 2039 497 2102 autem
524 2029 647 2101 titulus
673 2028 831 2122 ephebos
850 2028 941 2101 iuter
960 2029 1136 2102 exercitus
1155 2029 1327 2118 ordines,

211 2154 348 2227 scilicet
385 2157 425 2235 εἰς
458 2155 501 2225 τὰ
537 2155 686 2252 τάγματα
718 2152 793 2250 (2),
833 2153 1020 2250 inscriptos
1053 2153 1161 2226 luisse
1198 2154 1333 2226 dennu-

212 2279 288 2351 tiat.
321 2280 536 2373 AEgosthene
564 2290 681 2352 tamen
714 2278 899 2350 formulam
926 2278 1146 2372 reperimus,
1183 2278 1228 2350 ds
1261 2299 1332 2371 qua

212 2403 317 2499 paulo
337 2403 476 2498 longius
497 2404 678 2500 disputare
707 2403 803 2474 haud
829 2402 952 2474 inutile
976 2404 1066 2494 erit3
1093 2424 1220 2498 nempe
1238 2424 1259 2474 a
1276 2425 1332 2478 cc·

214 2528 298 2602 teris
325 2529 485 2621 ejusdem
513 2528 668 2602 civitatis
702 2537 737 2599 et
764 2529 918 2621 Megarae
947 2526 1107 2600 formulis
1138 2527 1329 2622 discrepat.

213 2651 349 2748 Ephebi
369 2653 460 2726 inter
477 2652 704 2750 peltophoros
720 2653 971 2726 adscribuntur
988 2676 996 2721 ε
1015 2648 1046 2734 ἐξ
1063 2648 1180 2748 tpdduv
1198 2657 1236 2747 ἐμ
1253 2660 1331 2722 πιλ-

210 2780 340 2874 τοφόρας
357 2778 553 2875 ἀπεγράψατο
571 2779 629 2851 vel
649 2779 858 2875 ἀπεγραψάνθο
880 2776 949 2876 (3).
971 2777 1171 2852 Verisimile
1198 2787 1253 2850 est
1276 2797 1332 2851 00.-

212 2902 349 2997 piarum
362 2925 474 2997 genus
489 2915 562 2976 tum
578 2903 722 2976 demum
743 2903 778 2976 in
794 2904 955 2996 catalogo
967 2903 1190 2996 designatum
1206 2901 1329 2994 luisse,

210 3049 320 3122 quum
337 3028 382 3101 de
394 3050 524 3122 genere
535 3030 689 3123 quodam
709 3029 868 3123 speciali,
885 3029 1019 3100 scilieet
1034 3029 1079 3101 de
1096 3026 1329 3122 peltophoris,

211 3162 387 3245 ageretur.
407 3155 551 3239 Quoties
573 3155 608 3225 in
628 3155 788 3248 catalogo
805 3155 984 3249 copiarum
1002 3175 1115 3246 genus
1131 3175 1202 3226 non
1220 3154 1332 3247 signi-

212 3274 356 3369 licetur,
385 3299 591 3351 asseverare
618 3279 701 3351 licet
725 3278 882 3373 ephebos
908 3278 1226 3372 aegcsthenitenos,
1256 3299 1330 3352 me·

210 3403 412 3496 parensium
432 3402 557 3494 instar,
576 3404 667 3475 inter
685 3404 728 3474 τὰ
741 3405 890 3500 τάγματα
901 3404 1148 3496 annumerari3
1167 3403 1264 3499 quod
1284 3425 1331 3477 ex

210 3521 442 3608 similitudine
466 3550 572 3624 quam
600 3529 691 3601 inter
715 3529 862 3622 collegia
888 3529 1072 3624 utriusque
1090 3529 1244 3605 civitatis
1265 3530 1328 3602 ds·

210 3652 480 3747 prehendimus,
501 3655 700 3746 conjectare
719 3675 788 3727 non
806 3654 981 3750 displicet.
1003 3654 1162 3727 Ceterum
1180 3653 1330 3728 formula

211 3799 293 3874 quae
320 3780 356 3851 in
379 3780 457 3852 aliis
481 3780 590 3852 titulis
611 3781 773 3854 boeotieis
799 3782 971 3874 occurrit,
995 3791 1143 3856 testatur
1164 3782 1329 3856 cumdem

215 3923 350 3976 morem
368 3905 463 4000 apud
480 3905 619 3980 Boeotos
638 3904 845 3983 invaluisse.

241 4187 276 4254 (1)
291 4187 328 4238 La
341 4186 394 4240 Bas
406 4193 433 4240 et
448 4186 573 4252 Foncart,
590 4198 628 4240 ιν·
643 4191 666 4254 3,
681 4189 705 4252 6,
721 4191 744 4253 8,
760 4189 784 4252 9,
802 4189 840 4253 10,
859 4190 896 4243 11.

211 4275 300 4417 MP«
351 4277 419 4329 coldo
431 4279 536 4342 ἀπῆλθον
546 4280 571 4340 tt
581 4281 674 4344 ἐφήδων
687 4281 720 4338 sit
732 4281 764 4332 τὰ
774 4280 920 4346 serperet...
931 4298 943 4326 a
954 4277 991 4331 Le
1000 4278 1052 4332 Bes
1061 4283 1088 4330 et
1094 4278 1217 4337 nonunt.
1228 4277 1331 4363 1103111,

242 4455 278 4520 (3)
293 4455 371 4516 told..
386 4470 413 4511 n.
427 4457 451 4521 1,
464 4458 488 4520 5,
505 4456 557 4510 7a.
