3492 5404
672 488 832 548 ..45-

190 622 293 717 getur
321 625 406 717 quid
435 624 551 694 valeat
576 623 787 694 vocabulum
812 619 1001 715 παιδευτὰί,
1025 627 1154 718 quod
1145 650 1180 698 rn
1209 619 1324 702 titulo

189 749 297 820 lltaiae
325 747 382 846 (t)
410 748 646 835 offendimus,
676 769 744 818 una
770 770 848 818 oum
878 751 996 844 populi
1025 761 1060 822 et
1091 751 1307 846 epheborum

192 876 381 947 mentione.
405 877 454 945 lta
470 875 565 946 enim
587 895 656 944 non
677 873 733 944 hio
752 885 813 944 aut
827 874 886 946 ille
906 877 1084 969 magister,
1100 878 1165 948 sed
1186 899 1309 950 omnes

190 1001 249 1094 qui
279 971 503 1071 instituendis
531 998 677 1092 ephebis
709 1021 828 1069 euram
863 1000 1020 1089 dabant,
1052 976 1304 1094 significantur.

190 1123 285 1207 Quos
312 1146 382 1194 non
412 1123 548 1194 modo
540 1146 574 1192 rn
607 1123 756 1216 collegio
781 1137 940 1197 versatos
971 1125 1103 1215 fuisse,
1134 1137 1309 1219 quatenus

190 1250 362 1340 cujusque
381 1247 535 1320 officium
555 1248 770 1342 explendum
796 1250 962 1341 rogabat,
983 1250 1046 1348 sed
1072 1250 1177 1322 etiam
1197 1253 1306 1323 veluti

190 1373 351 1466 ephehiae
371 1384 602 1465 aggregatos,
629 1395 831 1458 sacrorum,
852 1375 1154 1465 caerimoniarum,
1178 1387 1214 1447 et
1231 1377 1307 1448 lau·

190 1499 273 1570 dom
295 1499 482 1592 participes
502 1498 633 1583 luisse,
660 1497 781 1568 titulus
802 1509 920 1570 noster
939 1499 1033 1570 tenui
1054 1501 1218 1592 quamvis
1237 1511 1307 1572 tes·

190 1623 336 1692 timonio
364 1623 567 1694 satisdare
592 1612 786 1693 confirmat.
824 1623 860 1691 ln
887 1643 1017 1694 corona
1042 1623 1136 1694 enim
1163 1623 1305 1695 nomina

188 1763 308 1817 eorum
334 1744 500 1838 inscripta
527 1757 632 1833 sunt;
668 1755 745 1816 eta
774 1746 925 1840 populo,
950 1746 1045 1818 haud
1069 1767 1171 1818 secus
1194 1757 1301 1842 atque

188 1869 339 1962 ephebi,
363 1869 526 1941 laudibus
543 1870 657 1941 ornati
677 1871 834 1942 fuerunt.

420 2121 432 2178 ς
445 2123 468 2166 κ.
481 2143 512 2154 -
525 2119 556 2170 lle
570 2116 724 2182 peculiaribus
738 2117 873 2183 quibusdam
886 2118 1066 2182 magistratibus.

232 2321 332 2392 Nune
355 2321 399 2392 ad
429 2322 652 2414 magistratus
679 2333 711 2393 et
738 2322 916 2393 ministros
943 2323 1126 2410 venimus,
1156 2323 1216 2416 qui
1245 2333 1306 2394 aut

187 2469 257 2518 non
278 2447 510 2538 designentur
525 2449 638 2517 atticis
655 2447 778 2528 titulis,
798 2457 858 2540 aut
874 2447 907 2516 in
923 2445 1071 2540 ephebia
1090 2459 1211 2518 extera
1233 2470 1305 2518 mu·

187 2593 269 2642 nera
286 2571 468 2642 dissimilia
485 2583 590 2664 atque
606 2574 639 2640 in
656 2573 759 2642 attica
775 2572 928 2664 gessisse
943 2571 1120 2642 videntur.
1138 2572 1301 2643 Veterum

186 2699 395 2790 scriptorum
417 2699 623 2768 anctoritate
643 2698 743 2784 heti,
766 2698 800 2768 in
819 2698 969 2790 collegio
995 2698 1151 2769 laconico
1177 2699 1303 2790 magis·

187 2819 297 2893 tratus
337 2821 658 2916 deprehendimus,
697 2844 765 2892 non
800 2821 943 2892 aliunde
981 2831 1083 2892 notos
1122 2846 1130 2890 ι
1164 2822 1186 2891 ii
1221 2833 1304 2892 sunt

187 2941 287 3033 βίδυοι
306 2947 359 3016 vel
383 2943 480 3034 βίδεοι
498 2945 557 3037 (2).
579 2948 732 3019 Numero
751 2947 920 3039 quinque,
941 2945 1151 3039 ephororum
1173 2945 1300 3036 instar,

185 3070 213 3141 si
230 3071 411 3142 Pausaniae
430 3049 535 3143 fidem
552 3072 775 3155 adhibemus,
798 3071 1008 3142 exstiterunt
1022 3068 1089 3167 (3).
1109 3070 1173 3153 Qui
1192 3071 1298 3164 ephe·

185 3195 249 3266 hos
280 3196 419 3266 lacones
447 3209 593 3284 curant,
623 3206 658 3266 ot
687 3195 896 3288 inspiciunt,
925 3195 1008 3263 dum
1036 3195 1069 3264 in
1088 3197 1299 3281 Platanistes,

184 3320 262 3390 loco
278 3321 410 3392 seilicet
433 3321 581 3413 platanis
600 3321 836 3406 circumdate,
859 3319 1086 3414 gymnastiois
1104 3319 1230 3390 studiis
1251 3319 1301 3389 in-

185 3445 342 3536 dulgent.
376 3447 526 3518 Honoris
555 3467 660 3518 censa
690 3445 756 3515 tale
784 3467 912 3516 munus
939 3444 1136 3515 obtinuisse
1166 3444 1301 3516 bidaeos

217 3672 252 3737 (l)
268 3673 423 3738 Appendix,
439 3683 467 3722 n⁰
479 3672 502 3722 Ι.

217 3763 250 3827 (2)
267 3761 385 3826 Utraque
397 3763 481 3812 lorma
494 3762 623 3826 reperitur
635 3762 663 3810 in
678 3761 770 3811 titulis.
790 3758 859 3812 Vide
872 3763 971 3826 Corpus
989 3763 1068 3812 inser.
1082 3774 1174 3824 pree,
1188 3769 1218 3810 n⁰
1232 3759 1299 3816 lttl.

184 3855 234 3906 col.
250 3852 302 3909 ΙΙΙ,
319 3854 337 3901 Ι.
354 3853 499 3916 lelegum
515 3853 600 3916 βίδεος.
616 3849 656 3900 ot.
672 3850 750 3908 tuin,
770 3851 844 3907 1255,
867 3851 938 3910 last,
955 3853 973 3901 l.
992 3851 1034 3908 15,
1052 3849 1129 3907 1258,
1147 3855 1199 3900 etc.
1216 3851 1302 3908 Βίδυος

182 3949 271 3992 autem
292 3942 407 3992 occurrit
420 3943 449 3990 ln
465 3941 548 3990 titulis
561 3941 740 4003 sequentibus.
759 3939 857 4004 Corpus
876 3940 1055 4004 insaeptum,
1074 3947 1114 3988 n⁰¹
1131 3939 1204 3999 1254,
1224 3938 1299 3996 lato.

185 4030 258 4087 lull,
274 4034 324 4081 etc.

215 4119 248 4183 (3)
268 4141 279 4164 κ
293 4123 350 4178 Τοῖς
363 4122 390 4170 δὲ
404 4122 499 4186 ἐφόροις
512 4121 554 4169 καὶ
569 4119 679 4184 βιδιαίοις
691 4119 765 4168 πέντε
780 4119 880 4182 ἀριθμὸν
897 4119 1019 4185 ἑκατέροις
1032 4119 1103 4179 οὖσι,
1123 4123 1174 4176 τοῖς
1189 4118 1231 4182 μὲν
1245 4117 1301 4174 τοὺς

184 4210 225 4260 ἐπὶ
234 4211 268 4274 τῷ
278 4212 438 4276 Πλατανιστᾷ
447 4211 591 4273 κακουμένῳ
601 4209 643 4258 καὶ
653 4209 739 4265 ἄλλους
749 4213 799 4256 τῶν
813 4209 907 4271 &paidom
918 4208 1012 4270 ἀγῶνας
1024 4209 1114 4258 τιθέναι
1126 4207 1299 4266 καθεστήκοι.»

183 4295 340 4356 Pausanias,
358 4297 409 4356 ΙΙΙ,
429 4297 483 4357 Xl,
506 4296 529 4344 Ι.
553 4294 650 4346 Confer
665 4297 751 4344 lernen
774 4297 875 4345 titulos*
888 4293 945 4344 leto
960 4302 985 4345 et
1008 4293 1064 4344 lull
1087 4291 1298 4359 (corporisne.

182 4386 275 4449 pree.)
290 4386 334 4435 ubi
350 4400 396 4435 sex
411 4387 487 4452 βίδεοι
499 4385 678 4435 nominantur.
