3492 5404
896 493 1056 555 ..46-

413 632 614 724 judicamus
635 653 654 702 e
676 629 852 724 lapidibus
875 630 1004 724 quibus
1027 632 1199 703 honorum
1227 633 1337 704 series
1362 632 1533 706 describi·

421 767 498 846 lur3
523 756 718 850 saepissime
738 756 830 826 enim
844 809 854 843 ‚
876 779 983 848 quum
1005 757 1120 826 virum
1144 759 1333 850 quemdam
1360 760 1532 853 amplissi-

421 883 487 966 mis
506 882 885 954 muneribusornatum
901 903 978 952 esse
992 881 1081 952 tituli
1102 895 1389 972 commemorant,
1411 885 1534 959 ultimo

420 1007 498 1078 loco
518 997 722 1098 designatur
748 1001 849 1093 βιδέου
874 1005 1026 1076 officium
1053 1003 1121 1102 (l).
1148 1007 1248 1090 Quod
1276 986 1402 1080 munus
1427 1010 1533 1080 colla·

419 1142 492 1202 tum
511 1131 618 1202 luisse
635 1131 719 1200 viris
734 1131 805 1222 jam
826 1141 958 1200 matura
976 1141 1079 1202 aetate
1097 1141 1132 1202 et
1150 1133 1254 1224 longo
1276 1133 1358 1205 vitae
1375 1133 1540 1206 honestas·

420 1256 594 1327 curriculo
612 1256 781 1350 probatis,
804 1256 922 1349 procul
942 1278 962 1326 a
983 1257 1092 1332 dubio
1112 1257 1215 1350 plane
1233 1259 1384 1330 videtur.

468 1382 544 1452 Non
562 1382 675 1457 solum
696 1382 740 1452 ad
753 1361 949 1475 'ephehieas
967 1403 1023 1452 res
1040 1383 1262 1476 pertinebant
1279 1384 1382 1456 bidaei
1400 1383 1533 1474 oilicia;

420 1529 547 1601 nempe
562 1507 725 1578 uidemus
743 1529 804 1578 eos
819 1508 954 1602 Sparlae
969 1507 1164 1601 adscriptos
1179 1531 1257 1580 esse
1275 1510 1536 1602 magistratibus

419 1634 557 1725 collegii
592 1634 701 1718 sacri,
737 1633 833 1725 quod
865 1633 899 1702 iu
927 1633 1097 1705 bonorem
1122 1634 1368 1706 Dioscurorum
1402 1646 1437 1705 et
1468 1636 1537 1707 He·

420 1761 510 1832 lenae
536 1759 699 1830 convenit
716 1757 785 1852 (2).
810 1759 846 1828 ln
872 1759 958 1829 urbe
981 1758 1155 1829 Thalamis
1175 1759 1229 1852 (3)
1251 1781 1387 1832 necnon
1404 1761 1537 1833 similes

418 1895 536 1978 partes
554 1894 674 1975 agunt.
693 1885 743 1960 Da
758 1883 954 1954 bidaeorum
973 1882 1118 1970 officiis,
1139 1884 1269 1954 certius
1290 1895 1537 1976 argumentum

419 2009 555 2104 praebet
577 2007 697 2078 titulus
722 2008 899 2088 laconicus
923 2019 1089 2079 exaratus
1110 2007 1276 2078 uidelicet
1302 2008 1337 2076 in
1364 2009 1438 2079 basi
1465 2031 1538 2081 mo·

422 2133 600 2217 nomenti,
629 2132 723 2224 quod
744 2131 976 2224 Nicopolitani
998 2132 1044 2202 ob
1064 2132 1246 2202 victoriam
1269 2132 1361 2202 ludis
1383 2143 1539 2227 reporta·

421 2269 490 2329 tam
513 2267 771 2328 exstruxerunt
791 2255 858 2351 (l).
895 2256 1009 2340 Quum
1039 2256 1168 2350 saepius
1195 2257 1301 2327 bidaei
1327 2279 1472 2330 munera
1494 2258 1540 2329 ad

342 2477 345 2482 Ι
420 2382 636 2476 epheborum
666 2403 721 2452 res
749 2381 895 2450 minime
921 2379 1130 2474 pertinentia
1162 2392 1376 2468 exerceant,
1413 2381 1540 2454 clarius

421 2515 566 2600 apparet
594 2507 678 2598 quid
705 2506 739 2574 in
767 2505 917 2599 ephebia
945 2505 1133 2597 gesserint.
1165 2506 1297 2599 Nempe
1323 2505 1539 2600 epheborum

424 2631 712 2717 exercitationes,
751 2640 786 2700 et
813 2631 991 2723 praecipuo
1020 2631 1236 2724 gymnastico
1267 2632 1406 2720 studia,
1441 2632 1539 2725 quasi

422 2755 591 2850 praesides
614 2754 899 2844 honoratissimi,
934 2754 1189 2847 inspiciebant,
1226 2766 1260 2826 et
1284 2757 1418 2846 justum
1445 2756 1540 2828 ordi·

422 2903 517 2968 nem,
535 2891 641 2975 atquc
659 2881 752 2949 illam
771 2880 976 2952 modestiam
993 2900 1098 2971 quam
1114 2879 1225 2950 Graeci
1244 2877 1382 2962 εὐταξίαν
1400 2882 1537 2970 dixere,

421 3005 604 3078 obseruari
633 3025 767 3074 summa
813 3003 995 3095 diligentia
1024 3003 1402 3076 curabant'Ceterum
1433 3007 1538 3077 alium

421 3131 617 3224 reperimus
641 3129 882 3222 magistratum
909 3129 989 3222 qui,
1021 3140 1140 3201 nostra
1166 3129 1308 3221 quidem
1335 3132 1538 3218 sententia,

420 3256 615 3328 hidaeorum
652 3253 786 3342 (illicia,
822 3253 1053 3325 similitudine
1087 3254 1269 3347 quadam,
1314 3255 1538 3347 intelligendi

422 3381 524 3452 nobis
548 3380 684 3474 copiam
710 3379 803 3450 l'acit.
836 3378 970 3449 Titulus
991 3379 1084 3450 enim
1111 3379 1257 3452 rhodius
1286 3378 1341 3474 (5)
1370 3390 1541 3451 memorat

453 3689 487 3754 (l)
505 3687 574 3738 Vide
593 3689 700 3738 titulum
717 3703 732 3737 a
750 3686 851 3738 Boeckh
871 3685 971 3737 editum
994 3686 1100 3752 (Corpus
1114 3687 1195 3738 inser.
1214 3701 1298 3751 proc..
1313 3697 1342 3738 n⁰
1357 3687 1427 3750 ital)
1445 3690 1542 3754 inquo

422 3778 616 3830 Democratidae
630 3791 739 3826 munera
752 3780 948 3832 enumerantur.
961 3777 1058 3842 quippe
1072 3777 1116 3840 qui
1131 3761 1210 3828 fuerit
1223 3781 1368 3844 νομοφύλαξ,
1383 3779 1468 3845 γέρων,
1483 3780 1540 3845 lpo-

423 3887 475 3936 ρος,
492 3868 605 3930 denique
620 3868 707 3932 βίδυος.

455 3959 487 4023 (ll
506 3955 574 4007 Vide
591 3956 625 4006 Le
638 3956 700 4012 an.
714 3958 780 4019 part.
797 3955 834 4017 ΙΙ,
849 3965 880 4005 n⁰
893 3955 936 4007 lat
948 3971 971 4005 a.
985 3953 1025 4006 Cf.
1041 3954 1116 4013 Keil.
1132 3957 1202 4006 chi
1215 3956 1310 4020 arioch.
1324 3955 1482 4022 lorrhra'sten
1493 3970 1543 4008 aar

423 4049 519 4112 Sparta
532 4047 587 4096 aad
603 4047 735 4110 Gytheion.

456 4137 490 4202 (3)
507 4137 543 4186 bo
558 4136 624 4198 Rus,
639 4145 668 4185 n⁰
682 4137 726 4188 281
742 4139 768 4186 b.

454 4227 489 4291 (l)
507 4227 541 4277 Le
556 4227 624 4286 Bas,
638 4236 668 4276 n⁰
685 4225 736 4276 180.

454 4317 489 4380 (5)
505 4315 633 4378 boucart,
654 4315 824 4380 inscriptions
837 4313 946 4366 ineditas
956 4314 987 4363 dc
1003 4311 1053 4363 l'tle
1066 4313 1096 4362 de
1112 4313 1218 4364 Rhodes,
1240 4313 1320 4363 decue
1332 4312 1540 4380 orrhtolopiqae.

427 4403 542 4466 1867,ηο
560 4405 579 4456 l.
1143 4410 1144 4415 ’
