3492 5404
899 469 1057 531 ..10-

361 652 364 658 ·
422 620 490 696 tur,
512 618 573 680 aut
589 608 695 696 dicta,
714 617 775 678 aut
793 607 902 696 lacta,
921 607 966 677 ad
985 606 1171 699 ephebiam
1190 617 1285 678 certe
1303 605 1533 700 pertinentia,

420 755 500 828 quae
521 753 722 826 nunquam,
742 732 810 804 nisi
830 731 1049 804 exstitissent
1065 730 1282 825 epheborum
1300 730 1464 823 collegia,
1483 731 1536 802 in·

420 859 603 953 terpretari
625 857 756 930 valeas,
779 857 888 928 Sede
909 856 1037 927 talibus
1065 855 1202 926 indiciis
1229 876 1298 927 non
1325 855 1429 951 plane
1456 856 1535 928 licet

419 982 685 1076 deprehendere
702 981 816 1074 qualis
833 982 938 1051 luerit
953 980 1117 1074 ephebia.
1139 981 1333 1069 Praeterea,
1356 981 1534 1074 pleraeque

397 1107 633 1200 quaestiones
653 1127 734 1198 quae
753 1105 797 1176 ad
818 1126 874 1176 res
894 1104 1112 1200 epheborum
1137 1115 1318 1200 spectant,
1345 1126 1424 1176 cum
1444 1107 1535 1197 juris

418 1231 533 1302 civilis
548 1242 583 1302 et
598 1230 728 1324 publici
744 1230 973 1300 varietatibus
989 1231 1187 1321 conjunctae
1202 1241 1306 1318 sunt;
1326 1250 1414 1322 quas
1430 1250 1534 1302 nemo

359 1339 361 1342 ⁵
419 1356 606 1428 exsolvere
623 1355 751 1448 possit,
772 1354 838 1425 nisi
856 1354 953 1447 prius
965 1354 1057 1446 juris
1075 1365 1110 1424 et
1127 1354 1365 1425 institutorum
1385 1353 1480 1425 vices
1499 1354 1533 1422 in

419 1500 631 1573 unaquaque
649 1479 792 1550 civitate
811 1479 977 1571 attigerit.
1000 1479 1152 1574 Nempe,
1175 1501 1282 1573 quum
1304 1478 1453 1573 ephebia
1478 1500 1533 1549 re·

307 1642 309 1648 ·
418 1626 502 1676 vera
524 1604 611 1674 nibil
632 1605 734 1675 aliud¹
749 1604 872 1692 luerit,
896 1605 962 1674 nisi
980 1605 1064 1675 vitae
1085 1585 1234 1698 publioae
1250 1604 1412 1696 quaedam
1432 1625 1533 1675 exer·

418 1730 559 1817 citatio,
586 1729 666 1822 quis
692 1750 762 1800 non
788 1729 1018 1816 assentiatur,
1048 1730 1189 1800 mutatis
1215 1729 1300 1823 ipsis
1326 1728 1431 1820 hujus
1450 1728 1534 1799 vitae

418 1853 693 1942 conditionibus,
712 1853 817 1924 simili
833 1855 971 1924 fortuna
988 1854 1140 1924 variatas
1153 1853 1314 1946 ephebiae
1330 1853 1534 1948 disciplinas

418 1979 601 2050 evasisset
628 1978 714 2062 Quae
742 1979 881 2064 studia,
910 1977 1015 2069 hujus
1043 1978 1290 2071 disputationis
1315 1975 1403 2050 fines
1427 1978 1534 2070 longe

418 2104 648 2193 excedentia,
671 2103 706 2172 in
731 2104 904 2196 posterius
924 2102 1142 2174 distulimus.

466 2228 566 2312 Quod
586 2229 630 2300 ad
651 2240 858 2322 praesentem
877 2228 1033 2299 libellum
1051 2229 1195 2316 attinet,
1217 2228 1452 2322 epigraphicis
1470 2227 1532 2300 do-

417 2354 590 2425 cumentis
612 2355 789 2449 praecipue
815 2355 869 2424 usi
893 2376 1027 2428 sumus.
1053 2353 1161 2425 Nobis
1182 2353 1218 2422 in
1239 2362 1356 2424 mente
1382 2353 1446 2424 luit
1471 2375 1534 2426 ex·

417 2499 549 2572 ponere
570 2503 578 2547 :

469 2601 504 2671 l⁰
530 2603 567 2673 ln
594 2603 723 2698 quibus
749 2603 977 2691 civitatibus,
1009 2615 1043 2676 et
1070 2627 1141 2698 quo
1166 2614 1324 2699 tempore
1350 2603 1535 2676 floruerint

417 2725 564 2817 collegia
583 2726 799 2820 epheborum
816 2751 825 2816 ;

465 2847 504 2922 2⁰
517 2850 652 2934 Quibus
668 2852 931 2944 magistratibus
946 2863 981 2924 et
996 2853 1165 2925 ministris
1178 2854 1304 2926 civitas
1319 2853 1533 2926 coercendos

417 2987 452 3047 et
475 2975 678 3049 educandos
700 2977 856 3070 ephebos
875 2978 1110 3064 commiserit,
1138 2991 1174 3051 et
1201 3001 1281 3073 quae
1307 3001 1452 3051 munera
1476 2979 1533 3049 vel

417 3121 506 3193 quos
523 3099 675 3173 bonores
690 3102 816 3195 ephebi
834 3103 1063 3198 sibimetipsis
1079 3104 1260 3176 vindicare
1273 3104 1366 3176 soliti
1380 3104 1531 3192 luerint;

467 3226 505 3294 3⁰
525 3225 660 3309 Quibus
685 3228 997 3300 exercitationibus
1024 3230 1205 3321 religionis
1230 3251 1350 3316 sacra,
1378 3228 1534 3323 discipli·

417 3371 497 3421 nam
510 3351 708 3440 militarem,
720 3353 866 3442 litteras,
878 3354 1061 3443 musicam,
1073 3366 1279 3448 ceterasque
1294 3365 1388 3427 artes
1405 3353 1533 3449 ephebi

417 3475 605 3546 discerent.
1080 3571 1082 3577 Ι

464 3599 556 3669 Nihil
583 3601 786 3690 attulimus,
818 3603 886 3672 nisi
912 3603 1008 3696 quod
1035 3604 1136 3682 titulo
1161 3604 1315 3697 quodam
1345 3604 1532 3696 probatum

415 3724 530 3795 visum
552 3735 622 3815 est;
642 3726 693 3796 sio
714 3727 885 3800 uberioris
906 3729 984 3799 libri
1002 3728 1111 3800 veluti
1130 3729 1245 3822 capita
1261 3729 1531 3824 descripsimus,

415 3872 486 3943 quo
505 3851 665 3944 ephebiae
685 3853 852 3943 historia,
879 3876 942 3948 pro
965 3855 1116 3927 diversis
1134 3854 1280 3928 Graeoiae
1300 3854 1530 3947 regionibus,

415 3976 555 4047 tractari
576 3979 699 4072 possit.

466 4101 514 4172 lle
533 4103 819 4197 inscriptionibus
841 4106 926 4199 ipsis
946 4127 1033 4199 quas
1053 4128 1175 4178 sumus
1200 4103 1390 4195 sciscitati,
1420 4123 1534 4200 pauca

415 4226 565 4299 dicenda
598 4241 693 4300 sunt.
725 4231 828 4301 Varia
858 4231 1037 4302 titulorum
1066 4253 1195 4323 genera
1221 4232 1445 4326 'epheborum
1477 4251 1535 4301 res

415 4367 712 4446 commemorant3
734 4357 927 4450 praesertim
945 4356 1093 4450 catalogi
1108 4358 1308 4450 agonistici,
1327 4357 1382 4429 vel
1400 4355 1529 4428 tabulae
