3492 5404
840 1357 976 1430 CAPUT
1001 1357 1188 1428 TERTIUM

454 1631 498 1682 DE
521 1629 792 1682 MAGISTRATIBUS
818 1630 858 1680 ET
883 1629 1055 1680 MINISTRIS
1082 1629 1274 1698 nonantule,
1304 1630 1344 1680 ET
1369 1629 1413 1679 DE
1437 1627 1569 1680 Ti'l'ULlS

490 1757 594 1822 QUOS,
613 1754 761 1808 nononis
776 1753 905 1823 CAUSA,
924 1754 1043 1806 eruent
1063 1754 1283 1808 SIBIMETIPSIS
1299 1753 1535 1806 VINDICARANT·
1623 1712 1625 1716 v

454 1995 503 2058 tt.
522 2023 551 2032 -
569 1995 613 2056 Qui
624 1995 772 2059 magistratus
788 1995 824 2045 uel
839 1994 938 2060 ministri
959 1995 1028 2046 attico
1047 1998 1070 2046 et
1093 1995 1178 2046 exteris
1199 1994 1303 2057 collegiis
1322 2005 1456 2044 communes
1478 1991 1571 2043 tuerint.

503 2225 578 2297 Non
605 2247 668 2320 per
688 2247 727 2297 se
747 2227 857 2320 ipsam
878 2225 1075 2320 respublica
1096 2224 1232 2316 collegii
1252 2246 1309 2296 res
1328 2223 1568 2314 administrat,

446 2329 518 2421 'sed
536 2359 653 2444 partes
665 2349 1212 2442 aliquasvirisdelectisagendas
1224 2349 1410 2421 committit
1435 2348 1572 2441 Duplex

455 2483 508 2544 est
522 2483 637 2544 autem
656 2495 767 2566 genus
784 2475 940 2545 virorum
958 2474 1068 2565 quiin
1087 2474 1239 2565 regenda
1256 2472 1405 2567 ephebia
1421 2493 1571 2562 versan-

456 2608 513 2667 tur
536 2621 543 2664 :
565 2601 790 2689 magistratus
809 2598 902 2670 enim
923 2609 956 2668 et
978 2598 1156 2668 ministros
1176 2619 1195 2668 e
1215 2598 1394 2668 titulorum
1414 2597 1570 2666 testimo·

455 2721 516 2792 nio
534 2722 777 2814 comperimus
799 2722 989 2793 exstitisse.
1017 2722 1090 2810 lili,
1112 2724 1157 2792 ab
1183 2723 1256 2815 ipsa
1285 2721 1449 2808 civitate,
1471 2717 1571 2811 gravi

456 2866 603 2916 munere
622 2845 800 2936 decorati,
822 2847 955 2941 primas
974 2857 1104 2938 agunt3
1125 2846 1181 2935 hi,
1206 2846 1471 2938 magistratuum
1488 2865 1569 2914 auc·

458 2971 586 3042 toritati
603 2971 749 3058 subditi,
766 2972 917 3062 juvenes
933 2972 1097 3042 erudiunt
1114 2981 1148 3042 et
1163 2971 1362 3043 informant.
1381 2969 1461 3040 Alio
1476 2969 1569 3062 apud

456 3095 544 3166 aiios
573 3096 745 3168 vocabulo
773 3096 977 3188 designatur
1002 3097 1135 3189 primus
1161 3096 1298 3188 collegii
1324 3095 1567 3187 magistratus3

455 3219 532 3290 sive
552 3230 667 3291 antem
689 3234 865 3302 cosmeta,
888 3231 926 3290 ut
942 3221 1035 3314 apud
1054 3220 1207 3309 Atticos,
1227 3221 1304 3292 sive
1327 3219 1570 3314 epheberchus

456 3344 512 3415 vel
538 3345 847 3438 gymnasiarchus‚
875 3356 913 3416 ut
939 3345 1033 3439 apud
1057 3356 1192 3417 ceteras
1215 3347 1396 3432 civitatee,
1419 3345 1568 3432 dicatur,

457 3491 527 3541 uno
543 3471 740 3562 eodemque
756 3491 901 3542 munere
917 3471 1087 3562 fungitur.
1100 3470 1240 3563 Collegii
1256 3471 1349 3540 enim
1364 3490 1567 3556 resecrare,

453 3573 611 3688 ephebos
630 3595 664 3664 in
682 3583 901 3666 caerimoniis
917 3595 1069 3684 ducere,
1091 3596 1363 3667 exercitationes
1382 3594 1567 3688 inspicere,

455 3739 571 3790 mores
600 3719 798 3808 moderari,
833 3719 986 3790 rationes
1016 3720 1111 3813 apud
1141 3730 1300 3791 senatum
1332 3721 1571 3814 populumque

455 3841 626 3934 reddere,
647 3843 696 3912 ibi
716 3865 826 3936 usque
846 3844 1040 3934 interesse,
1063 3844 1123 3913 ubi
1149 3845 1193 3915 de
1214 3845 1350 3936 collegii
1375 3843 1570 3916 commodis

455 3975 490 4035 et
509 3965 657 4039 utilitate
676 3968 813 4060 egitur,
837 3968 918 4038 tatia
940 3981 1022 4038 sunt
1039 3968 1262 4059 magistratus
1280 3968 1393 4040 officia
1415 3994 1422 4037 :
1445 3989 1572 4060 nempe

455 4090 575 4184 epp-tv,
609 4102 645 4161 ut
675 4114 744 4162 uno
772 4093 880 4164 verbo
913 4115 984 4162 reru
1017 4090 1209 4180 definiam,
1231 4115 1390 4164 summus
1411 4092 1572 4186 ephebiae

456 4237 586 4310 praeses
601 4230 754 4290 exercet.
771 4217 886 4301 Quare
902 4217 1125 4311 perspicuum
1139 4228 1191 4289 est
1208 4219 1347 4290 nonnisi
1365 4218 1450 4288 viris
1467 4219 1572 4308 toogo

453 4340 523 4430 jam
545 4341 715 4416 bonorum
737 4365 841 4415 cursu
863 4341 1019 4438 probatis
1043 4340 1110 4413 hoc
1129 4343 1354 4435 splendidum
1375 4363 1502 4413 mnuus
1523 4341 1573 4412 ci·
1652 4312 1663 4328 ⁸
