3492 5404
675 553 717 578 ..-.
735 525 773 593 55
794 553 834 578 ..-

241 663 316 742 Hoc
336 678 453 741 tamen
473 667 634 758 attende,
656 668 752 762 quod
772 686 874 739 osum
893 665 1119 742 Stratonicoae
1138 667 1235 740 urhis
1251 683 1311 764 pa-

193 794 361 868 culiarem
376 795 595 867 demonstrat
610 792 679 890 (l).
701 793 834 889 Ephehi
853 793 1019 866 uidelicet
1035 812 1105 868 non
1121 794 1311 867 admittun-

101 947 104 954 ·
194 930 250 992 tur
277 921 313 992 iu
343 920 665 1014 caerimoniasquee
693 919 727 990 in
755 918 926 992 honorem
945 919 1042 991 lovis
1060 920 1254 992 Panemerii
1276 929 1312 992 et

191 1047 340 1118 Hecates
360 1057 589 1141 peraguntur.
611 1044 715 1117 Pueri
736 1045 901 1137 ingenui,
924 1054 959 1116 et
978 1067 998 1117 e
1017 1044 1193 1139 primariis
1211 1043 1311 1117 lami·

191 1170 247 1242 liis
273 1167 436 1256 oriundi,
464 1169 625 1263 candidis
653 1170 813 1242 vestibus
837 1177 872 1241 et
898 1169 1037 1241 coronis
1065 1169 1310 1242 frondentibus

192 1296 375 1391 insignes,
412 1317 517 1368 manu
551 1306 715 1388 gerentes
753 1295 884 1367 virides
916 1312 1058 1382 ramos,
1100 1295 1311 1368 ducentibus

192 1420 403 1514 paedonomo
425 1429 460 1492 et
486 1419 759 1514 paedophylacc‚
795 1420 954 1512 quotidie
982 1437 1123 1492 carmen
1152 1419 1311 1516 ascribe

190 1555 334 1618 senatus
353 1545 575 1638 designatum
596 1566 724 1618 canere
739 1547 922 1638 jubentur.
952 1545 1021 1617 Sed
1042 1545 1202 1639 quisquis
1221 1546 1312 1618 inter

192 1670 370 1765 ephebos,
393 1680 529 1743 matura
542 1672 615 1764 jam
636 1680 759 1759 aetate,
783 1671 1013 1761 inscribetur,
1038 1692 1058 1743 e
1079 1671 1188 1743 choro
1205 1691 1312 1744 exce·

192 1795 272 1883 dat,
304 1803 340 1866 et
367 1794 482 1866 locum
506 1795 607 1866 alteri
631 1817 740 1889 puero
763 1816 809 1867 ex
834 1795 959 1867 iisdem
980 1796 1153 1867 classibus
1172 1795 1311 1868 delecto

191 1920 423 1994 obtinendum
443 1920 619 2014 relinquat
638 1941 783 1993 necesse
808 1933 874 1993 cst.
903 1922 1065 1994 Ceterum
1092 1921 1191 2016 pueri
1219 1921 1311 1993 inter

192 2045 350 2140 ephebos
373 2046 593 2116 annumerati
616 2044 752 2138 effigies
768 2047 802 2116 in
819 2046 961 2140 publico
981 2047 1134 2141 quodam
1159 2044 1310 2118 aedilicio

191 2169 432 2243 collocabitur.
456 2170 550 2241 Licet
569 2170 628 2240 tali
649 2193 715 2242 usu
736 2171 902 2264 ephebia
924 2171 1051 2244 ritihus
1070 2170 1310 2263 exsequendis

192 2293 447 2382 excludantur,
471 2316 541 2367 non
561 2295 705 2367 omnino
726 2317 783 2366 res
801 2295 979 2390 discrepat
1002 2317 1082 2365 cum
1102 2295 1145 2366 iis
1165 2272 1245 2388 quae
1265 2296 1310 2366 de

191 2417 316 2491 officiis
336 2417 553 2512 epheborum
573 2419 816 2515 exposuimus.
843 2418 930 2503 Quis
956 2429 1010 2490 est
1035 2419 1128 2490 enim
1153 2419 1213 2512 qui
1240 2440 1309 2490 uon

190 2543 311 2614 videat
338 2543 454 2615 ibide
482 2565 520 2615 re
544 2544 696 2637 quadam
723 2544 860 2616 insueta
885 2543 967 2636 agi‘l
1000 2542 1133 2638 Nempe
1156 2553 1311 2616 eae-sunt

190 2669 472 2741 caerimoniarum
493 2669 733 2756 necessitates,
756 2678 794 2739 ut
815 2670 913 2764 pueri
940 2671 1067 2758 teneri,
1087 2669 1244 2741 nondum
1263 2669 1309 2740 ed

191 2793 396 2888 ephebicam
423 2804 562 2866 aetatem
596 2795 773 2889 provecti,
809 2795 875 2867 soli
904 2796 941 2865 in
968 2805 1102 2889 partem
1126 2815 1307 2866 sacrorum

190 2917 328 2989 admitti
349 2918 517 2990 debcant.

237 3043 359 3137 Neque
382 3064 443 3133 ea,
470 3065 575 3138 quem
597 3044 771 3134 diximus,
793 3045 897 3116 unica
913 3055 966 3118 est
986 3045 1203 3140 epheborum
1224 3068 1306 3141 pro·

189 3167 318 3240 vincia.
355 3167 485 3259 lmmo,
507 3169 622 3242 locum
642 3191 745 3241 suum
764 3171 896 3242 hahent
914 3171 1040 3265 ephebi
1064 3171 1099 3240 in
1122 3173 1307 3266 exsequiis

189 3292 248 3364 uel
283 3292 432 3388 publicis
464 3295 946 3385 laudationibusvirorum,
987 3317 1076 3389 quos
1109 3297 1308 3388 insignibus

190 3419 395 3491 muneribus
418 3421 573 3508 functos,
599 3431 660 3492 aut
684 3421 891 3493 decivitate
913 3421 1005 3492 hene
1031 3421 1196 3508 meritos,
1228 3431 1307 3516 post

190 3553 336 3614 mortem
363 3543 556 3616 honoribus
583 3545 746 3617 exornari
773 3545 924 3640 populus
949 3544 1119 3619 decrevit.
1154 3544 1192 3614 ln
1218 3544 1306 3616 urhe

188 3664 294 3761 Cyme
320 3663 398 3763 (2),
444 3667 621 3740 inauditas
663 3669 786 3742 laudes
819 3669 916 3758 cives
950 3668 1111 3740 tribuunt
1141 3668 1307 3741 defuncto

188 3789 227 3860 L.
244 3791 369 3864 Vaccic
383 3791 556 3881 Labeoni,
576 3804 717 3888 propter
732 3794 974 3866 incredibilem
992 3795 1069 3886 ejus
1088 3815 1170 3886 erga
1188 3793 1308 3865 civita·

189 3922 258 3984 tem
276 3915 579 4008 benevolentiam,
598 3917 729 4012 quippe
746 3918 807 4011 qui
822 3917 1116 4014 gymnasiarchiae
1130 3939 1205 3990 suec
1224 3927 1307 3990 tcm-

219 4251 254 4316 (l)
272 4253 368 4317 corpus
381 4253 461 4304 lusca.
475 4265 564 4316 qroec..
579 4261 608 4303 n⁰
622 4252 685 4304 2715
699 4269 724 4304 a.

219 4340 252 4405 (2)
271 4341 369 4406 corpus
381 4341 461 4392 inacr.
474 4353 560 4404 proc,
576 4351 605 4392 11⁰
619 4341 690 4394 3524.
704 4341 754 4394 'Oh
771 4342 873 4409 agger,
889 4345 1019 4394 lldmntrca
1037 4342 1168 4396 d'lu'stoire
1181 4344 1308 4397 emicone

189 4436 212 4482 cl
224 4431 256 4482 de
268 4427 421 4496 philolopt'c,
435 4444 463 4495 p.
478 4428 509 4482 78
523 4444 577 4495 seq.
