3492 5404
905 457 949 507 ·..
967 461 1004 521 22
1026 495 1067 508 -

426 617 489 667 cur
503 595 682 682 miremur,
703 595 793 667 tristi
807 615 893 666 sane
908 588 1059 668 tortunae
1074 595 1165 685 vice,
1180 597 1286 668 etiam
1301 606 1372 668 tum
1386 597 1545 692 ephebos

425 719 471 791 ad
490 720 602 792 civica
616 719 698 812 jura
716 719 916 792 exercenda
935 719 1118 793 informari
1137 743 1206 793 non
1227 721 1396 812 desiisse,
1418 745 1542 815 quum,

424 844 471 917 ad
489 855 661 916 maturam
685 854 824 916 aetatem
852 846 1035 939 provecti,
1058 845 1178 917 liberae
1202 846 1353 919 civitatis
1371 847 1478 920 modo
1497 848 1545 920 si·

425 970 619 1042 mulacrum
639 983 675 1041 et
695 971 854 1042 umbram
876 969 1060 1042 offendere
1081 971 1266 1044 deberent.
1446 947 1449 956 ’

471 1096 592 1168 Nullas
622 1097 694 1166 lere
718 1094 867 1167 Graeciae
896 1096 1059 1187 regiones
1090 1095 1251 1190 ephebiae
1284 1097 1453 1170 institutis
1486 1120 1544 1170 ca·

424 1221 550 1310 ruisse,
573 1243 680 1315 quum
702 1241 809 1315 supra
830 1221 1047 1315 compositos
1071 1222 1277 1314 catalogus,
1300 1233 1373 1294 tum
1391 1223 1468 1316 ipsa
1488 1246 1543 1296 re·

424 1368 501 1417 rum
530 1345 619 1417 ratio
644 1343 841 1417 confirmat.
864 1346 914 1416 De
935 1346 1087 1440 publicae
1110 1346 1196 1417 vitae
1218 1345 1343 1419 officiis
1365 1349 1438 1438 jam
1458 1349 1544 1420 satis

423 1468 592 1542 diximus.
615 1468 717 1541 Adde
735 1470 851 1562 qnod,
871 1469 991 1541 liberis
1012 1470 1254 1564 temporibus,
1276 1493 1322 1542 ex
1348 1471 1424 1564 ipso
1449 1471 1543 1544 Grae·

422 1595 487 1667 ciae
510 1605 603 1666 statu
623 1594 814 1667 necessitas
834 1595 996 1687 quaedam
1021 1594 1201 1666 oriebatur
1219 1603 1257 1666 ut
1276 1616 1399 1667 omnes
1418 1596 1543 1668 civita·

422 1731 475 1792 tes
499 1721 651 1812 juvenes
680 1742 764 1790 suos
793 1719 968 1790 educandi
994 1741 1057 1813 pro
1078 1730 1258 1813 partesue
1281 1721 1542 1794 munussusci·

421 1855 556 1940 perent.
577 1844 813 1917 saevientibus
834 1845 928 1916 enim
945 1842 1061 1933 bellis,
1077 1854 1113 1915 et
1134 1845 1284 1939 publicis
1303 1846 1542 1919 simultatibus

421 1969 592 2042 invidiam
618 1971 824 2042 acerrimam
851 1970 1050 2056 alentibus,
1081 1970 1260 2062 quomodo
1286 1971 1411 2044 civitas
1444 1995 1540 2067 quae·
1632 2020 1637 2030 ι

420 2092 501 2168 dam
536 2095 612 2167 urbi
640 2096 764 2167 vicinae
790 2105 825 2167 et
848 2096 997 2166 inlensae
1023 2094 1181 2188 ephebos
1212 2118 1296 2167 snos
1323 2097 1435 2190 patria
1460 2099 1542 2189 jura

420 2222 621 2297 edocendos
640 2221 898 2292 commisisset?
916 2221 1074 2314 Quaeque
1091 2220 1216 2292 civitas
1236 2243 1372 2292 summa
1390 2221 1541 2314 diligen*-

420 2350 467 2421 tia
487 2348 561 2420 suis
578 2347 773 2420 commodis
792 2347 965 2441 inservit,
988 2369 1050 2417 sua
1066 2347 1146 2438 jura
1168 2358 1286 2417 tuetur
1304 2357 1339 2417 et
1358 2346 1538 2438 delendit;

420 2473 595 2546 neminem
621 2471 708 2543 fallit
736 2484 912 2565 quatenns
937 2471 1014 2544 haec
1035 2471 1211 2543 invidiosa
1233 2471 1405 2543 libertatis
1424 2473 1540 2543 muni·

418 2599 540 2693 cipalis
563 2619 646 2669 cura
675 2597 897 2691 processerit.
928 2596 1022 2667 Licet
1045 2595 1300 2685 Athenienses,
1328 2596 1541 2669 humaniore

417 2723 536 2795 indole
560 2723 606 2793 ad
633 2721 789 2793 mitiores
813 2743 928 2793 mores
947 2721 1060 2810 versi,
1082 2721 1139 2792 vel
1161 2723 1365 2815 peregrinos
1379 2723 1534 2812 juvenes

418 2849 454 2920 in
481 2847 665 2941 ephebiam
693 2869 793 2918 suam
819 2847 1025 2936 admittant,
1047 2856 1082 2918 et
1106 2846 1285 2938 vulgatam
1313 2847 1420 2917 luisse
1446 2846 1538 2918 hanc

417 2973 617 3044 facilitatem
635 2994 879 3066 saepennmero
904 2982 1076 3043 testentur
1103 2971 1198 3042 attici
1226 2971 1317 3040 tituli
1341 2967 1423 3064 (l),
1446 2991 1536 3063 quos

417 3096 580 3169 videmus
605 3095 664 3166 tali
687 3094 859 3168 beneficio
884 3117 967 3166 usos
992 3095 1130 3166 luisset
1150 3093 1320 3165 Asiaticos
1345 3093 1480 3165 scilicet
1502 3104 1537 3164 ot

414 3220 535 3316 Syrios
573 3219 762 3313 praecipue.
811 3219 950 3311 hlegara
986 3231 1131 3308 autem,
1172 3239 1252 3312 quae
1284 3217 1386 3288 brevi
1421 3218 1536 3311 spatio

415 3344 563 3417 Athenis
593 3344 718 3432 distat,
750 3344 854 3414 urbes
884 3344 1066 3430 boeolicae,
1096 3342 1243 3436 Sparta,
1270 3342 1366 3413 attici
1395 3341 1535 3434 collegii

414 3470 604 3565 splendore
629 3487 853 3562 nequaquam
880 3469 1082 3538 alliciuntur
1106 3477 1144 3538 et
1166 3488 1250 3539 suos
1273 3465 1430 3559 ephebos
1451 3467 1535 3538 reti·

415 3617 501 3668 nere
519 3596 677 3667 student.

462 3719 537 3794 Non
557 3720 654 3813 quod
674 3719 709 3791 in
730 3717 899 3810 catalogis
917 3717 1031 3789 atticis
1057 3716 1212 3810 reperire
1234 3716 1355 3788 valeas
1377 3715 1533 3810 ephebos

444 4025 478 4095 (l)
497 4023 565 4079 Vide
578 4041 636 4092 quae
649 4029 804 4078 disseruerit
816 4026 849 4077 A.
865 4025 998 4085 Dumont,
1013 4039 1056 4089 op.
1072 4025 1153 4086 laud„
1177 4030 1197 4075 t.
1210 4024 1237 4085 1,
1263 4040 1290 4089 p.
1304 4025 1348 4085 99,
1366 4023 1415 4083 §h
1431 4023 1472 4076 Ita
1486 4019 1533 4072 Col

411 4119 522 4183 juvenes
537 4118 642 4169 decreto
663 4119 752 4182 populi
771 4117 933 4166 atheniensis
950 4117 978 4164 in
992 4115 1133 4178 collegium
1152 4116 1264 4164 atticum
1284 4114 1476 4168 admittuntur;
1493 4111 1532 4160 sic

412 4205 589 4258 Athenienses
611 4206 781 4271 Hippocratis
804 4207 898 4256 memte
920 4211 1132 4254 remunerantur.
1158 4205 1231 4255 «Καὶ
1255 4207 1345 4263 ἐξεῖναι
1368 4209 1430 4254 πᾶσι
1453 4201 1530 4266 Κῴων

412 4297 496 4348 παισὶν
516 4297 639 4361 ἐφηΰίυειν
653 4299 678 4348 ἐν
694 4296 807 4358 Ἀθήναις,
821 4295 931 4362 καθάπερ
945 4295 1029 4345 παισὶν
1045 4293 1171 4354 Ἀθηναίων
1186 4314 1198 4336 u
1217 4294 1330 4358 (eorpus
1348 4294 1428 4343 inser.
1445 4302 1531 4354 ortes„

412 4381 437 4448 1,
453 4399 479 4450 p.
492 4383 562 4450 379).
574 4384 772 4438 Meminerimus
786 4389 874 4436 tamen
886 4388 913 4434 et
926 4380 1010 4435 Coum
1022 4396 1100 4434 suurn
1113 4383 1255 4446 collegium
1271 4382 1404 4434 habuisse.
