3492 5404
663 585 822 646 ..17-

229 722 294 794 Cos
321 720 431 819 (Vide
460 747 468 792 :
505 723 545 794 Ο.
576 724 709 817 Rayet,
741 724 950 816 Inscriptioos
979 722 1019 793 de
1047 722 1109 795 lile
1138 721 1176 794 de
1207 724 1297 814 Kos,

181 858 220 918 n⁰
246 847 285 946 6)
309 846 378 943 (l).
405 849 537 940 Pejoris
566 849 680 921 aetatis
704 870 782 921 esse
808 849 946 920 titulum
969 849 1164 922 litterarum
1185 849 1298 921 forma

182 972 415 1048 demonstrat.

229 1099 371 1172 Rhodos
390 1098 493 1196 (Ross
517 1126 524 1170 :
546 1102 737 1190 Helleuicc,
759 1124 793 1195 p.
816 1100 886 1186 67,
909 1111 946 1170 n⁰
967 1100 1018 1197 3).

229 1224 378 1320 Corcyra
398 1224 538 1322 (Corpus
556 1231 651 1301 inser.
672 1247 790 1320 preca,
814 1237 851 1298 n⁰
874 1225 1001 1324 l883).
1023 1229 1118 1301 AEtas
1140 1249 1186 1299 ex
1205 1248 1301 1299 men·

183 1349 279 1422 tione
298 1352 447 1424 Herodis
467 1351 573 1424 Attici
593 1363 673 1424 nola
694 1362 760 1424 est.

230 1475 377 1573 Cyprus.
396 1477 485 1549 Urbs
500 1480 648 1549 Salamis
665 1479 722 1572 (Le
736 1478 802 1550 Bas
813 1477 1113 1572 etWaddington‚
1128 1489 1165 1549 n⁰
1176 1477 1299 1571 2765).

182 1602 317 1674 Nomen
332 1603 513 1676 Ptolemaei
528 1604 773 1676 philometoris
788 1614 926 1676 aetatem
942 1604 1117 1697 designat,
1137 1604 1303 1678 videlicet

158 1745 294 1800 'annos
317 1719 474 1802 tal-llo
495 1740 577 1801 ante
596 1729 785 1800 Christum.

232 1853 407 1948 Lapethos
425 1853 489 1951 (Le
508 1856 595 1948 Bas,
616 1867 653 1927 n⁰
673 1856 798 1955 2773).
818 1856 872 1927 Ad
892 1856 1030 1928 tertiam
1045 1855 1173 1929 Tiberii
1192 1857 1300 1929 tribu-

185 1978 305 2050 nitiam
326 1991 535 2074 potestatem
555 1982 676 2054 titulus
695 1983 901 2054 referendus
922 1992 976 2054 est
998 2008 1005 2052 :
1028 1983 1162 2054 scilicet
1179 1983 1222 2054 ad
1240 2004 1301 2054 an·

185 2126 268 2175 num
287 2105 334 2178 29
355 2117 433 2200 post
453 2107 627 2180 Christum
649 2119 782 2204 natum,

234 2231 342 2303 lcaria
361 2231 466 2328 (Vide
482 2235 621 2304 titulum
643 2256 747 2326 quem
766 2235 810 2305 ad
831 2234 960 2305 calcem
978 2234 1126 2324 hujusce
1144 2233 1301 2329 disputa-

185 2356 291 2428 tionis
323 2357 547 2447 distulimuS,
580 2369 617 2429 n⁰
646 2357 682 2453 3)
713 2357 780 2460 (2).
811 2359 954 2451 Legitur
981 2370 1067 2430 aetas
1095 2359 1260 2453 inscripta
1291 2384 1299 2428 :

186 2482 271 2561 ἔτους
288 2479 324 2562 iri
335 2537 344 2569 ,
364 2484 530 2555 videlicet
550 2505 664 2555 annus
684 2484 729 2554 68
746 2483 888 2555 actiacae
904 2483 1036 2572 aetatis,
1059 2485 1136 2556 sive
1157 2483 1196 2552 el
1223 2494 1303 2579 post

184 2605 373 2680 Christum.
419 2639 423 2646 ·

238 2730 298 2799 400
316 2730 400 2802 Asia
418 2733 543 2806 Minor.
608 2721 611 2726 ’

233 2855 391 2952 Cyzicus,
414 2858 579 2929 Permulti
598 2859 733 2952 lapides
750 2860 936 2953 collegium
955 2860 1172 2954 epheborum
1188 2861 1223 2931 in
1238 2860 1302 2956 Cy-

184 2979 384 3052 zicenorum
399 2983 543 3054 civitate
557 2982 717 3055 lloruisse
734 2995 918 3055 testantur.
931 2984 997 3068 Qui
1009 3006 1028 3055 a
1041 2984 1169 3056 Boeclrh
1186 2984 1302 3056 editus
1398 3054 1400 3058 .

186 3116 239 3177 est
256 3104 395 3201 (Corpus
412 3110 509 3180 inser.
529 3132 652 3201 prmo,
678 3119 714 3177 u⁰
736 3109 855 3205 3665)
875 3122 968 3181 certe
990 3121 1067 3205 post
1086 3110 1301 3181 Hadrianum

186 3231 431 3326 imperatorem
458 3245 623 3304 exaratus
644 3245 709 3305 est.
737 3235 872 3306 Decreti
897 3257 968 3327 quo
989 3236 1145 3329 ephebos
1166 3257 1303 3328 pompeo

185 3356 353 3429 sollennis
370 3359 555 3453 participes
571 3381 648 3430 esse
664 3371 895 3447 memoratur,
914 3371 1052 3456 uitatem
1068 3360 1303 3456 comperimus

186 3503 206 3552 e
226 3483 368 3555 nomine
388 3484 519 3576 reginae
538 3485 702 3556 Antoniae
722 3485 950 3581 Tryphaenae,
969 3507 1051 3580 quae
1067 3485 1189 3580 Kotyis
1209 3485 1303 3578 regis

187 3628 276 3680 uxor
295 3608 429 3680 exstitit
449 3608 522 3706 (3);
545 3632 674 3680 annum
698 3633 823 3707 nempe
845 3612 890 3680 39
912 3621 988 3705 post
1005 3610 1192 3682 Christum.

232 3731 444 3825 Lampsacus
463 3729 601 3826 (Corpus
620 3735 716 3805 iuscr.
737 3755 855 3829 praec,
879 3743 916 3803 n⁰
937 3730 1060 3829 soll).

233 3854 343 3928 Assos
364 3855 501 3953 (Corpus
521 3858 616 3928 r'oscr.
635 3881 754 3951 prmo,
778 3838 943 3932 n0‘3597.
965 3857 1035 3954 a).

218 4057 251 4122 (1)
276 4059 410 4109 Aaouclre
429 4060 460 4109 dc
481 4057 653 4112 l’uasoctctt'oa
674 4074 740 4124 pour
761 4059 988 4124 l'eucourupemeut
1005 4062 1047 4112 der
1068 4060 1153 4110 studes
1175 4072 1300 4124 precautes.

184 4145 278 4208 Annee
291 4147 360 4198 1875.

216 4235 249 4301 (2)
267 4235 361 4288 Editus
374 4243 415 4290 est
428 4239 580 4303 nuperrime
593 4239 621 4287 in
636 4239 719 4288 diario
733 4237 872 4302 Smyrnaeo
887 4259 892 4288 r
910 4241 1034 4292 Μουσεῖον
1048 4242 1090 4290 καὶ
1103 4240 1246 4300 Βιὸλιοθήκη
1261 4244 1303 4300 τῆς

184 4327 346 4392 Εὐαγγελικῆς
358 4331 456 4394 Σχολῆς.

218 4415 250 4480 (3)
269 4413 338 4466 Vide
351 4415 471 4476 Curtius,
489 4417 695 4470 Monumbcrr'cltte
714 4418 999 4480 ceremonensem.
1015 4419 1059 4469 dor
1075 4415 1301 4482 Wisremclicstm.

188 4503 260 4566 taut,
276 4503 315 4556 111
329 4511 355 4556 et
368 4505 416 4557 IV.
