3492 5404
889 519 928 535 -
948 483 987 552 38
1007 519 1046 535 ..

301 660 304 665 -
407 624 575 717 juvenis,
598 631 740 719 peracto
759 621 920 718 ephebiae
939 634 1109 716 tempore,
1134 621 1276 694 nomine
1296 621 1450 714 quodam
1467 620 1531 692 de-

412 749 586 842 signatur,
607 749 703 843 quod
727 749 824 821 nullo
844 748 949 821 modo
971 770 1051 819 cum
1074 747 1283 838 militaribus
1305 745 1429 818 ciliciis
1447 767 1532 818 con·

413 873 520 968 gruit.
542 873 610 946 Cur
634 877 772 969 σφαιρεύς
793 871 850 971 (l)
872 884 1018 946 vocatus
1043 872 1111 961 sil,
1140 883 1235 972 certe
1259 871 1489 967 perspicimus
1510 892 1534 942 e

413 999 642 1096 gymnasticis
671 998 973 1090 studiis3'nempo
1006 997 1203 1092 saepissime
1227 999 1337 1093 σφαίρᾳ
1370 997 1532 1068 ludentes

414 1123 511 1196 uiros
536 1124 573 1194 in
592 1123 738 1218 picturis
767 1123 1010 1198 vascularibus
1030 1122 1329 1218 deprehendimus
1347 1119 1417 1218 (a).
1439 1136 1532 1216 Σφαι-

414 1254 478 1346 pade
498 1233 592 1324 enim
609 1249 738 1320 dicitur
760 1248 919 1344 ephebus
937 1248 998 1342 qni
1023 1248 1114 1320 inter
1132 1247 1229 1319 uiros
1254 1257 1530 1336 annumeratus,

373 1460 377 1470 p
409 1374 483 1466 jam
504 1374 631 1448 studiis
650 1383 686 1447 ct
704 1372 797 1446 ludis
817 1373 1017 1448 maturioris
1036 1371 1150 1446 aetntis
1171 1372 1342 1465 indulget.

464 1623 499 1694 Si
519 1624 686 1698 formulas
706 1623 901 1696 decedendi
921 1646 967 1697 ex
987 1623 1137 1718 ephebia
1158 1644 1396 1728 recensemus,
1418 1621 1534 1692 lucra*

416 1771 495 1820 mur
510 1749 666 1845 prolecto
681 1771 803 1830 omnes
818 1750 864 1821 ad
884 1749 1039 1820 ineunda
1056 1748 1191 1822 militiae
1206 1747 1320 1821 cilicia
1341 1747 1531 1843 pertinere.

416 1873 533 1967 Magni
547 1885 664 1946 aulem
681 1875 847 1954 momenti
863 1884 917 1946 est
932 1885 1095 1968 reputare
1110 1874 1230 1945 titulos
1245 1893 1286 1944 ea
1307 1882 1412 1944 aetate
1428 1871 1536 1970 luisse

416 1999 590 2093 scriptos,
610 2020 681 2092 qua
697 1999 830 2070 Graecia
850 1998 1006 2071 nondum
1028 2019 1183 2071 romanae
1205 1997 1333 2071 ditioni
1353 1997 1534 2088 subjecta,

417 2124 626 2219 abantiquo
650 2125 793 2217 ingenio
818 2123 912 2196 haud
940 2124 1131 2196 admodum
1159 2125 1440 2217 degeneraverat
1463 2119 1534 2219 (3).

417 2247 518 2321 Unde
537 2250 671 2344 aliquid
688 2251 895 2344 depromere
912 2250 1094 2350 valemus,
1118 2260 1155 2321 ut
1175 2249 1339 2343 ephebiae
1353 2250 1506 2344 effigiem
1524 2307 1536 2342 ,

418 2374 534 2468 qualis
560 2375 754 2468 antiquitus
780 2375 909 2464 luerit,
940 2374 1194 2446 describamus.
1217 2374 1350 2446 Liberis
1378 2375 1538 2446 enimac

418 2499 596 2594 prosperis
618 2499 762 2572 Graeciae
787 2499 1026 2593 temporibus,
1053 2499 1206 2572 militare
1228 2499 1417 2598 collegium
1447 2521 1535 2595 prae·

419 2623 522 2718 cipue
540 2624 690 2719 ephebia
710 2646 788 2697 esse
805 2624 962 2698 uidetur.
982 2626 1136 2697 iuvenes
1160 2625 1394 2698 informantur
1412 2636 1452 2697 ut
1471 2649 1536 2720 pu·

420 2749 510 2822 blica
524 2747 604 2841 jura
620 2750 827 2840 discocunt
841 2749 954 2822 ollicia
975 2761 1186 2845 capessant3
1206 2752 1300 2844 quod
1320 2761 1438 2823 nutem
1460 2773 1537 2844 gra-

420 2875 501 2949 uius
516 2873 670 2948 officium
688 2876 834 2971 reperiri
854 2885 982 2970 potest,
1001 2896 1106 2969 quam
1124 2876 1280 2948 militia‘l
1299 2876 1391 2960 Quid
1408 2877 1539 2970 majore

421 3022 504 3072 cura
526 3021 546 3072 a
565 3001 709 3073 civitate
732 3000 1014 3094 providendum,
1036 3001 1103 3072 nisi
1124 3010 1162 3071 ut
1181 3001 1273 3073 inter
1288 3001 1464 3074 exercitus
1483 3023 1538 3073 or-

421 3124 523 3197 dines
551 3125 764 3221 recipiantur
784 3127 937 3217 juvenes
971 3147 1092 3197 veram
1121 3125 1210 3198 civis
1235 3127 1425 3220 imaginem
1451 3127 1539 3198 rele-

421 3260 561 3340 rentes,
583 3251 690 3324 armis
706 3251 856 3342 assueti,
877 3271 993 3324 rerum
1011 3251 1216 3324 bellicarum
1237 3252 1381 3324 assidua
1403 3252 1540 3324 exerci-

423 3376 554 3451 tatione
571 3375 687 3473 periti,
705 3376 823 3449 idonci
840 3376 1008 3470 denique,
1026 3387 1064 3448 ut
1074 3377 1305 3468 jurisjurandi
1319 3377 1416 3452 attici
1432 3378 1540 3450 verba

423 3524 611 3596 usurpem,
633 3503 694 3596 qui
719 3528 736 3571 u
762 3503 828 3576 soli
847 3503 906 3576 uel
924 3525 1004 3575 cum
1029 3501 1108 3586 aliis
1128 3504 1214 3576 deos
1233 3512 1269 3576 ct
1294 3506 1390 3578 locos
1417 3505 1540 3576 delen·

425 3651 444 3696 u
472 3627 580 3728 dant,
602 3636 637 3699 et
656 3627 804 3724 patriam
826 3648 897 3701 non
915 3627 1158 3718 deminutam,
1179 3631 1242 3702 sed
1262 3641 1400 3703 auctam
1426 3639 1462 3703 et
1480 3649 1541 3702 va·

456 3873 490 3940 (l)
505 3871 549 3942 [Ol
563 3875 686 3944 σφαιρεῖς]
700 3877 763 3942 onte
774 3879 836 3930 clota
851 3879 875 3928 ol
888 3878 916 3930 ἐκ
927 3881 977 3930 τῶν
992 3877 1086 3944 lpidus
1101 3879 1125 3936 ἐς
1139 3879 1228 3946 ἄνδρας
1242 3879 1543 3946 appetentissimum.»

424 3959 581 4021 Pausanias.
597 3963 650 4028 ΙΙΙ,
669 3965 707 4023 lt,
721 3965 745 4019 6.
982 4017 984 4022 ,

454 4051 488 4118 (Ι)
504 4051 573 4105 Vide
586 4052 777 4118 Heydemann.
793 4055 840 4106 llic
856 4055 1084 4120 Voscosommlunp
1098 4047 1141 4132 desa
1152 4058 1235 4108 lluteo
1246 4058 1387 4109 cortonula
1398 4071 1432 4111 su
1441 4055 1544 4123 Neopel,

424 4145 454 4190 n⁰
472 4138 543 4192 2872.
565 4139 642 4194 Picln
661 4143 786 4207 leguntur
806 4144 943 4207 sequentia
961 4145 1060 4194 verbo:
1075 4160 1171 4209 χτησαν
1190 4143 1318 4207 [amous]
1333 4162 1374 4210 pot
1393 4163 1438 4198 ταν
1456 4161 1544 4212 corpus

426 4229 574 4296 [opatpouJ.
587 4228 628 4286 cl.
640 4232 674 4283 dc
687 4231 788 4294 Witte,
803 4231 923 4283 lltmoric
937 4231 994 4282 dell'
1008 4233 1141 4290 instituto.
1155 4231 1196 4291 ΙΙ,
1214 4233 1267 4285 lla.

459 4318 493 4384 (3)
506 4318 575 4372 Vide
584 4321 654 4386 quod
667 4337 747 4387 supro
758 4322 934 4374 disseruimus
945 4320 979 4373 de
990 4325 1069 4374 oetatc
1079 4323 1218 4374 titulorum
1229 4324 1424 4389 megenensium
1435 4327 1462 4376 et
1473 4326 1545 4377 boeo-

430 4408 554 4462 omrem.
569 4412 652 4477 caput
660 4413 786 4478 primum.
