3492 5404
861 490 1019 552 ..44-

430 605 613 714 Ceteram,
642 649 687 698 ne
706 621 894 696 διδασκάλου
914 624 1027 697 osticia
1045 624 1192 697 definire
1217 626 1322 696 nimia
1344 625 1496 720 diiigen-

384 754 429 823 tia
446 774 632 838 conemur,
659 773 722 822 nos
741 761 858 821 monet
878 751 993 821 atticae
1010 751 1170 844 ephebiae
1187 752 1403 844 exemplum.
1424 752 1495 823 Hoc

382 870 476 949 enirn
505 876 679 978 voeabnio
713 875 805 969 apud
842 873 1076 946 Athenienses
1108 897 1384 968 nonnunquam,
1415 886 1497 946 ante

382 1003 606 1075 christianam
633 1013 794 1088 aetatem,
815 1001 1044 1093 designantur
1069 1001 1153 1072 certi
1178 1002 1340 1094 ephebiae
1370 1003 1496 1093 magis·

385 1129 450 1213 tri,
480 1127 608 1220 quihus
634 1125 822 1221 peculiaria
844 1125 990 1196 nomina
1018 1126 1267 1197 adscribuntur
1287 1151 1296 1195 ε
1316 1125 1508 1220 ὴορΙοωειι

384 1252 472 1324 chus
491 1252 644 1338 scilicet,
669 1251 886 1344 paedotriba,
909 1261 943 1321 et
968 1250 1026 1320 alii
1054 1261 1300 1345 praeceptores.
1322 1251 1438 1335 Quare
1461 1252 1497 1322 in

384 1377 533 1470 ephebia
555 1377 738 1470 peregrina
759 1373 833 1446 fieri
856 1374 968 1470 potuit
995 1384 1032 1444 ut
1058 1376 1175 1468 quivis
1197 1377 1383 1468 magister,
1403 1376 1497 1447 nnha

383 1501 488 1574 oshcii
521 1503 597 1594 ejus
626 1502 760 1572 ratione
788 1501 927 1583 habita,
957 1500 1096 1571 licentia
1122 1501 1274 1593 quadam
1304 1502 1495 1574 verborum

386 1629 445 1700 tali
467 1628 608 1699 nomine
628 1625 898 1719 significaretur.
1545 1609 1547 1612 ’

431 1757 640 1850 Γραμματεύς.
674 1751 804 1822 Mettiio
823 1755 1024 1847 γραμματέως
1042 1761 1103 1821 τῶν
1131 1748 1247 1846 {puber
1276 1752 1364 1822 facia
1388 1752 1498 1824 estin

385 1877 488 1951 titulo
507 1898 718 1972 pergameno
737 1873 752 1970 (
779 1873 805 1971 )

438 1998 586 2099 Ἠγεμών.
615 2000 713 2072 dher
734 2001 853 2071 titulus
874 2021 1106 2094 pergamenus
1123 2023 1202 2071 enm
1223 2002 1385 2095 designat
1407 2027 1414 2070 ε
1437 2003 1500 2095 qui

384 2127 539 2222 ephebos
573 2127 607 2197 in
643 2127 860 2198 sollennibns
890 2126 1025 2220 pompis
1052 2126 1205 2197 ducendi
1228 2125 1381 2199 otnciurn
1407 2127 1497 2200 obti-

385 2252 505 2322 nuisse
527 2253 667 2322 videtur
686 2250 754 2347 (2).

433 2377 590 2446 breviter
609 2375 859 2470 descripsimus
879 2375 938 2468 qui
960 2376 1107 2446 ministri
1127 2398 1171 2447 ex
1190 2378 1299 2448 titulis
1320 2377 1393 2448 n'oti
1414 2377 1498 2446 sint.

384 2500 548 2569 Fatemur
568 2500 601 2568 in
622 2499 688 2570 hac
709 2499 800 2570 serie
824 2521 891 2569 non
915 2500 1087 2571 contineri
1107 2501 1309 2594 omnesqui
1338 2501 1372 2570 in
1393 2500 1499 2571 colle·

386 2625 452 2718 giis
481 2624 557 2695 sive
587 2625 692 2696 attico
721 2625 797 2694 sive
820 2625 951 2694 exteris
973 2624 1096 2695 eadem
1124 2625 1265 2696 nomina
1296 2636 1331 2696 et
1358 2645 1502 2696 munera

385 2745 597 2817 habuerunt.
613 2747 729 2818 Liceat
746 2757 861 2818 autern
877 2748 1051 2839 conjicere
1067 2748 1185 2842 piures
1203 2750 1307 2820 otiam
1326 2748 1504 2820 exstitisse

387 2873 422 2942 in
443 2873 646 2944 civitatibus
667 2873 816 2964 graecis,
838 2882 941 2966 prout
964 2895 1136 2966 quaeque,
1159 2873 1375 2967 epheborum
1396 2895 1451 2944 res
1471 2884 1506 2941 et

388 2997 593 3090 disciptinas
614 2997 849 3084 instituendo,
869 2996 1001 3088 aliquid
1021 3019 1064 3067 ex
1082 2997 1196 3067 atticis
1217 2997 1373 3069 moribus
1392 2997 1506 3067 adsci-

386 3123 488 3194 verit.
507 3121 781 3216 Hopiornachnm
796 3121 903 3209 enim,
923 3121 1174 3213 etmagistrunr
1195 3121 1242 3193 rei
1258 3122 1501 3217 gymnasticae,

387 3257 422 3319 et
453 3246 548 3316 iilum
575 3247 633 3338 qai
663 3247 806 3338 sagittas
835 3246 1022 3317 mittendas
1047 3247 1204 3340 ephebos
1233 3247 1405 3334 docebat,
1438 3244 1502 3318 etsi

386 3372 561 3466 peregrini
592 3372 682 3440 tituii
715 3391 783 3442 non
812 3371 1040 3468 denuntiant,
1073 3381 1189 3442 tamen
1214 3394 1318 3444 nemo
1348 3372 1414 3443 erit
1442 3371 1505 3465 qui

387 3495 597 3586 supradictis
617 3494 890 3588 praeceptoribus
910 3514 1143 3565 annumerare
1162 3494 1314 3566 dubitet.

435 3619 618 3710 Magistros
656 3618 896 3690 tantummodo
932 3617 1115 3711 hucusque
1148 3619 1422 3708 recensuimus;
1459 3619 1504 3691 de

387 3743 648 3835 magistratibus
675 3753 790 3814 autem
815 3743 989 3835 posterius
1020 3743 1247 3831 videbimus,
1279 3745 1413 3839 qnippe
1443 3746 1505 3839 qni

388 3867 475 3938 nihil
503 3890 580 3939 cum
606 3867 718 3938 Attica
743 3889 949 3956 commune,
978 3868 1072 3962 quod
1103 3868 1147 3938 ad
1180 3890 1309 3940 nornen
1331 3869 1502 3963 pertinet,

387 3991 586 4064 habuerint.
607 3992 659 4065 Ex
681 3993 725 4064 iis
743 3979 864 4065 contra
885 4015 965 4086 quae
986 3993 1234 4083 disseruimus
1254 3994 1356 4065 facile
1376 3992 1505 4066 intelli·

418 4247 452 4312 (l)
471 4246 539 4299 Vide
559 4247 682 4305 Curtius,
700 4249 815 4311 Beitrdue
836 4261 884 4299 zur
903 4248 1046 4300 Geschichte
1067 4249 1122 4300 uad
1139 4249 1314 4317 Topopruptu'e
1325 4247 1505 4306 statuariae.

388 4351 414 4402 p.
430 4338 473 4400 o3,
489 4344 515 4388 et
529 4340 615 4389 tabula
633 4337 695 4391 VII.
713 4339 760 4387 lin.
775 4338 798 4398 5,
812 4337 835 4387 6.

423 4425 456 4492 (2)
474 4428 570 4493 Corpus
583 4429 662 4479 inser.
675 4441 759 4492 proc„
774 4434 804 4476 ιιο
817 4425 886 4477 3538.
